<DATE>;<TIME>;<LAST>;<VOL>;<ID>;<OPER>
20240207;095944;200.140000000;110;9558342141;B
20240207;095944;200.140000000;140;9558342142;S
20240207;095944;200.140000000;30;9558342143;S
20240207;095944;200.140000000;10;9558342144;S
20240207;095944;200.140000000;100;9558342145;S
20240207;095944;200.140000000;100;9558342146;S
20240207;095944;200.140000000;100;9558342147;S
20240207;095944;200.140000000;10;9558342148;S
20240207;095944;200.140000000;60;9558342149;B
20240207;095944;200.140000000;30;9558342150;B
20240207;095944;200.140000000;10;9558342151;S
20240207;095944;200.140000000;10;9558342152;B
20240207;095944;200.140000000;50;9558342153;B
20240207;095944;200.140000000;30;9558342154;B
20240207;095944;200.140000000;30;9558342155;B
20240207;095944;200.140000000;30;9558342156;B
20240207;095944;200.140000000;10;9558342157;B
20240207;095944;200.140000000;40;9558342158;B
20240207;095944;200.140000000;50;9558342159;B
20240207;095944;200.140000000;10;9558342160;B
20240207;095944;200.140000000;30;9558342161;S
20240207;095944;200.140000000;10;9558342162;B
20240207;095944;200.140000000;40;9558342163;B
20240207;095944;200.140000000;10;9558342164;B
20240207;095944;200.140000000;10;9558342165;B
20240207;095944;200.140000000;230;9558342166;B
20240207;095944;200.140000000;10;9558342167;B
20240207;095944;200.140000000;250;9558342168;B
20240207;095944;200.140000000;10;9558342169;B
20240207;095944;200.140000000;10;9558342170;B
20240207;100000;200.000000000;150;9558345247;S
20240207;100000;199.920000000;30;9558345316;S
20240207;100000;199.920000000;820;9558345350;B
20240207;100000;199.920000000;300;9558345351;B
20240207;100000;199.900000000;100;9558345532;S
20240207;100000;199.900000000;400;9558345533;S
20240207;100000;199.900000000;500;9558345537;S
20240207;100000;200.120000000;10;9558345582;B
20240207;100000;200.140000000;200;9558345688;B
20240207;100000;200.000000000;10;9558345892;S
20240207;100001;200.140000000;290;9558345980;B
20240207;100001;200.000000000;10;9558346024;S
20240207;100001;200.000000000;10;9558346093;S
20240207;100001;200.000000000;20;9558346113;S
20240207;100001;200.000000000;230;9558346114;S
20240207;100001;200.000000000;10;9558346275;S
20240207;100001;200.040000000;50;9558346299;S
20240207;100001;200.020000000;10;9558346580;S
20240207;100001;200.040000000;50;9558346724;B
20240207;100002;200.020000000;560;9558346828;S
20240207;100002;200.160000000;10;9558346869;B
20240207;100002;200.200000000;10;9558346870;B
20240207;100002;200.240000000;910;9558346871;B
20240207;100002;200.260000000;40;9558346872;B
20240207;100002;200.280000000;10;9558346873;B
20240207;100002;200.280000000;10;9558346874;B
20240207;100002;200.280000000;20;9558346875;B
20240207;100002;200.280000000;20;9558346876;B
20240207;100002;200.280000000;910;9558346877;B
20240207;100002;200.280000000;60;9558346878;B
20240207;100002;200.020000000;10;9558346906;S
20240207;100002;200.040000000;30;9558347001;S
20240207;100002;200.040000000;10;9558347466;S
20240207;100002;200.260000000;1000;9558347470;S
20240207;100002;200.040000000;1000;9558347471;S
20240207;100002;200.040000000;300;9558347472;S
20240207;100002;200.220000000;510;9558347570;B
20240207;100002;200.220000000;480;9558347571;B
20240207;100002;200.220000000;40;9558347659;B
20240207;100003;200.020000000;10;9558347850;S
20240207;100003;200.080000000;10;9558347924;S
20240207;100003;200.180000000;10;9558347968;B
20240207;100003;200.180000000;10;9558347969;B
20240207;100003;200.080000000;10;9558348000;S
20240207;100003;200.080000000;10;9558348138;S
20240207;100003;200.180000000;90;9558348364;B
20240207;100004;200.220000000;20;9558348394;B
20240207;100004;200.220000000;70;9558348400;B
20240207;100004;200.220000000;10;9558348401;B
20240207;100004;200.220000000;30;9558348402;B
20240207;100004;200.080000000;10;9558348408;S
20240207;100004;200.080000000;10;9558348534;S
20240207;100004;200.080000000;10;9558348646;S
20240207;100004;200.080000000;10;9558348832;S
20240207;100004;200.080000000;10;9558348986;S
20240207;100004;200.180000000;20;9558349021;B
20240207;100005;200.180000000;10;9558349156;B
20240207;100005;200.080000000;10;9558349331;S
20240207;100005;200.220000000;390;9558349593;B
20240207;100005;200.220000000;10;9558349797;B
20240207;100005;200.080000000;10;9558349798;S
20240207;100005;200.080000000;10;9558349914;S
20240207;100005;200.220000000;70;9558350028;B
20240207;100005;200.220000000;10;9558350263;B
20240207;100005;200.080000000;10;9558350362;S
20240207;100005;200.220000000;10;9558350366;B
20240207;100005;200.180000000;10;9558350523;B
20240207;100005;200.080000000;10;9558350568;S
20240207;100006;200.180000000;10;9558350817;B
20240207;100006;200.080000000;10;9558350847;S
20240207;100006;200.080000000;10;9558351067;S
20240207;100006;200.180000000;510;9558351202;B
20240207;100006;200.200000000;400;9558351203;B
20240207;100006;200.200000000;80;9558351204;B
20240207;100006;200.240000000;10;9558351205;B
20240207;100006;200.060000000;10;9558351234;S
20240207;100006;200.020000000;10;9558351271;S
20240207;100006;200.020000000;10;9558351370;S
20240207;100006;200.200000000;10;9558351403;B
20240207;100007;200.020000000;10;9558351745;S
20240207;100007;200.020000000;110;9558351807;S
20240207;100007;200.020000000;10;9558351849;S
20240207;100007;200.020000000;10;9558351897;S
20240207;100007;200.160000000;80;9558351919;B
20240207;100008;200.140000000;70;9558352262;B
20240207;100008;200.140000000;80;9558352263;B
20240207;100009;200.140000000;290;9558352285;S
20240207;100011;200.080000000;10;9558352950;S
20240207;100011;200.120000000;20;9558352973;B
20240207;100011;200.120000000;90;9558352974;B
20240207;100011;200.060000000;30;9558352987;S
20240207;100011;200.060000000;10;9558353223;S
20240207;100012;200.060000000;520;9558353342;S
20240207;100013;200.040000000;10;9558353671;S
20240207;100014;200.080000000;10;9558353886;B
20240207;100014;200.080000000;10;9558353887;B
20240207;100014;200.080000000;10;9558353888;B
20240207;100014;200.080000000;10;9558353889;B
20240207;100014;200.080000000;10;9558353890;B
20240207;100014;200.080000000;10;9558353891;B
20240207;100014;200.080000000;10;9558353892;B
20240207;100014;200.080000000;10;9558353893;B
20240207;100014;200.080000000;10;9558353894;B
20240207;100014;200.080000000;10;9558353895;B
20240207;100014;200.020000000;10;9558353950;S
20240207;100015;200.020000000;10;9558354034;S
20240207;100015;200.080000000;10;9558354078;B
20240207;100015;200.080000000;10;9558354079;B
20240207;100015;200.080000000;10;9558354080;B
20240207;100015;200.080000000;10;9558354081;B
20240207;100015;200.080000000;10;9558354082;B
20240207;100015;200.100000000;70;9558354083;B
20240207;100015;200.140000000;230;9558354084;B
20240207;100015;200.140000000;150;9558354085;B
20240207;100016;200.040000000;10;9558354438;S
20240207;100019;200.080000000;10;9558355447;B
20240207;100019;200.080000000;10;9558355448;B
20240207;100019;200.080000000;10;9558355449;B
20240207;100019;200.080000000;10;9558355450;B
20240207;100019;200.080000000;10;9558355451;B
20240207;100021;200.060000000;100;9558356070;S
20240207;100021;200.060000000;70;9558356071;S
20240207;100022;200.020000000;150;9558356265;S
20240207;100022;200.000000000;370;9558356266;S
20240207;100024;200.060000000;100;9558356655;B
20240207;100024;200.020000000;70;9558356696;S
20240207;100024;200.000000000;70;9558356697;S
20240207;100027;200.060000000;130;9558357141;B
20240207;100028;200.060000000;50;9558357391;S
20240207;100029;200.080000000;150;9558357638;S
20240207;100029;200.060000000;850;9558357639;S
20240207;100030;200.040000000;70;9558357842;S
20240207;100030;200.000000000;320;9558357843;S
20240207;100030;199.980000000;130;9558357844;S
20240207;100031;199.800000000;10;9558358094;S
20240207;100031;199.800000000;370;9558358216;S
20240207;100032;199.880000000;10;9558358729;B
20240207;100032;199.880000000;10;9558358730;B
20240207;100032;199.880000000;10;9558358731;B
20240207;100032;199.880000000;10;9558358732;B
20240207;100033;199.880000000;10;9558358841;B
20240207;100033;199.880000000;10;9558358938;B
20240207;100033;199.880000000;10;9558359003;B
20240207;100039;199.880000000;10;9558360654;B
20240207;100045;199.880000000;10;9558362026;B
20240207;100045;199.880000000;10;9558362027;B
20240207;100045;199.880000000;10;9558362028;B
20240207;100045;199.880000000;10;9558362029;B
20240207;100045;199.880000000;10;9558362030;B
20240207;100045;199.880000000;10;9558362031;B
20240207;100045;199.880000000;10;9558362032;B
20240207;100045;199.880000000;10;9558362033;B
20240207;100045;199.880000000;10;9558362034;B
20240207;100045;200.000000000;100;9558362035;B
20240207;100048;200.000000000;410;9558362679;B
20240207;100048;200.000000000;90;9558362680;B
20240207;100048;199.760000000;10;9558362782;S
20240207;100104;199.820000000;80;9558366029;S
20240207;100104;199.820000000;10;9558366070;S
20240207;100109;199.820000000;110;9558366784;S
20240207;100114;199.820000000;500;9558367671;S
20240207;100114;199.920000000;50;9558367908;B
20240207;100116;199.920000000;10;9558368261;B
20240207;100119;199.840000000;1250;9558368779;S
20240207;100119;199.820000000;80;9558368780;S
20240207;100119;199.800000000;100;9558368781;S
20240207;100119;199.780000000;60;9558368782;S
20240207;100119;199.760000000;1720;9558368783;S
20240207;100119;199.740000000;10;9558368784;S
20240207;100119;199.740000000;3000;9558368785;S
20240207;100119;199.720000000;60;9558368786;S
20240207;100119;199.720000000;120;9558368787;S
20240207;100119;199.720000000;240;9558368788;S
20240207;100136;199.740000000;80;9558371773;S
20240207;100136;199.720000000;20;9558371774;S
20240207;100136;199.720000000;100;9558371775;B
20240207;100137;199.700000000;30;9558371969;S
20240207;100137;199.700000000;10;9558371970;S
20240207;100137;199.700000000;20;9558371971;S
20240207;100137;199.700000000;20;9558371972;S
20240207;100137;199.700000000;100;9558371973;S
20240207;100138;199.720000000;10;9558372263;B
20240207;100138;199.700000000;20;9558372351;S
20240207;100139;199.720000000;560;9558372721;B
20240207;100140;199.700000000;100;9558372942;S
20240207;100145;199.700000000;430;9558373755;S
20240207;100145;199.700000000;10;9558373756;S
20240207;100145;199.700000000;10;9558373757;S
20240207;100145;199.700000000;50;9558373758;S
20240207;100149;199.700000000;30;9558374398;S
20240207;100208;199.680000000;10;9558377559;S
20240207;100209;199.680000000;10;9558377600;S
20240207;100209;199.680000000;10;9558377624;S
20240207;100209;199.680000000;10;9558377640;S
20240207;100209;199.680000000;10;9558377680;S
20240207;100209;199.680000000;50;9558377712;S
20240207;100209;199.680000000;10;9558377719;S
20240207;100210;199.680000000;10;9558377755;S
20240207;100210;199.680000000;10;9558377795;S
20240207;100210;199.680000000;10;9558377828;S
20240207;100210;199.700000000;20;9558377880;B
20240207;100210;199.680000000;10;9558377881;S
20240207;100211;199.700000000;50;9558377985;B
20240207;100211;199.680000000;10;9558377989;S
20240207;100212;199.700000000;60;9558378061;B
20240207;100215;199.700000000;240;9558378729;B
20240207;100215;199.700000000;130;9558378730;B
20240207;100222;199.720000000;20;9558379860;B
20240207;100222;199.700000000;100;9558379879;S
20240207;100222;199.700000000;130;9558379905;S
20240207;100227;199.720000000;760;9558380539;B
20240207;100228;199.700000000;10;9558380754;S
20240207;100230;199.680000000;90;9558381078;S
20240207;100235;199.680000000;10;9558381969;S
20240207;100244;199.700000000;20;9558383502;B
20240207;100245;199.680000000;10;9558383896;S
20240207;100246;199.680000000;450;9558384156;S
20240207;100249;199.680000000;10;9558384720;S
20240207;100252;199.680000000;60;9558385231;S
20240207;100252;199.680000000;70;9558385232;S
20240207;100252;199.700000000;10;9558385254;B
20240207;100257;199.680000000;90;9558385894;S
20240207;100257;199.680000000;10;9558385895;S
20240207;100257;199.680000000;10;9558385896;S
20240207;100257;199.680000000;20;9558385897;S
20240207;100257;199.680000000;10;9558385898;S
20240207;100257;199.680000000;10;9558385899;S
20240207;100257;199.680000000;120;9558385900;S
20240207;100257;199.660000000;40;9558385901;S
20240207;100257;199.660000000;60;9558385902;S
20240207;100257;199.660000000;80;9558385903;S
20240207;100257;199.640000000;690;9558385904;S
20240207;100257;199.640000000;100;9558385905;S
20240207;100257;199.640000000;100;9558385906;S
20240207;100257;199.640000000;100;9558385907;S
20240207;100300;199.680000000;10;9558386321;B
20240207;100303;199.640000000;60;9558386777;S
20240207;100303;199.620000000;50;9558386778;S
20240207;100303;199.600000000;20;9558386779;S
20240207;100304;199.620000000;30;9558386846;S
20240207;100304;199.620000000;20;9558386847;S
20240207;100304;199.640000000;20;9558386919;S
20240207;100304;199.620000000;60;9558386920;S
20240207;100304;199.600000000;300;9558386921;S
20240207;100304;199.600000000;30;9558386922;S
20240207;100304;199.600000000;20;9558386974;B
20240207;100304;199.680000000;10;9558386975;B
20240207;100305;199.580000000;10;9558387099;S
20240207;100308;199.580000000;20;9558387500;S
20240207;100319;199.680000000;10;9558389138;B
20240207;100319;199.580000000;130;9558389174;S
20240207;100323;199.680000000;10;9558389839;B
20240207;100327;199.680000000;10;9558390619;B
20240207;100330;199.580000000;80;9558391090;S
20240207;100330;199.580000000;70;9558391096;S
20240207;100341;199.680000000;170;9558392535;B
20240207;100343;199.680000000;20;9558393203;B
20240207;100347;199.680000000;100;9558393880;B
20240207;100348;199.580000000;20;9558394087;S
20240207;100348;199.560000000;30;9558394088;S
20240207;100358;199.660000000;500;9558395636;B
20240207;100358;199.660000000;20;9558395674;B
20240207;100403;199.560000000;10;9558396282;S
20240207;100403;199.540000000;120;9558396283;S
20240207;100408;199.580000000;50;9558396950;S
20240207;100408;199.540000000;80;9558396951;S
20240207;100408;199.540000000;130;9558397063;S
20240207;100411;199.620000000;80;9558397541;B
20240207;100411;199.640000000;760;9558397542;B
20240207;100411;199.640000000;500;9558397543;B
20240207;100411;199.660000000;50;9558397544;B
20240207;100411;199.660000000;510;9558397545;B
20240207;100411;199.660000000;1820;9558397546;B
20240207;100411;199.680000000;130;9558397547;B
20240207;100411;199.680000000;1000;9558397548;B
20240207;100411;199.680000000;570;9558397549;B
20240207;100411;199.680000000;30;9558397550;B
20240207;100411;199.700000000;3390;9558397551;B
20240207;100411;199.700000000;50;9558397552;B
20240207;100411;199.720000000;1000;9558397553;B
20240207;100411;199.740000000;1670;9558397554;B
20240207;100411;199.760000000;1250;9558397555;B
20240207;100411;199.780000000;240;9558397556;B
20240207;100411;199.800000000;180;9558397557;B
20240207;100411;199.860000000;70;9558397558;B
20240207;100411;199.900000000;10;9558397559;B
20240207;100411;199.940000000;1000;9558397560;B
20240207;100411;199.980000000;250;9558397561;B
20240207;100411;200.000000000;10;9558397562;B
20240207;100411;200.000000000;200;9558397563;B
20240207;100411;200.000000000;250;9558397564;B
20240207;100411;200.000000000;50;9558397565;B
20240207;100411;200.000000000;60;9558397566;B
20240207;100411;200.000000000;270;9558397567;B
20240207;100411;200.020000000;10;9558397568;B
20240207;100411;200.020000000;2000;9558397569;B
20240207;100411;200.040000000;10;9558397570;B
20240207;100411;200.040000000;860;9558397571;B
20240207;100411;200.060000000;5000;9558397572;B
20240207;100411;200.080000000;310;9558397573;B
20240207;100411;200.100000000;3410;9558397574;B
20240207;100414;199.920000000;90;9558397896;B
20240207;100414;199.920000000;1000;9558397996;S
20240207;100416;199.880000000;1000;9558398171;S
20240207;100416;199.900000000;430;9558398216;S
20240207;100416;199.880000000;570;9558398217;S
20240207;100418;199.820000000;750;9558398599;S
20240207;100418;199.800000000;180;9558398600;S
20240207;100418;199.800000000;70;9558398601;S
20240207;100419;199.760000000;200;9558398787;S
20240207;100421;199.760000000;10;9558399022;S
20240207;100421;199.740000000;70;9558399023;S
20240207;100421;199.720000000;20;9558399024;S
20240207;100422;199.840000000;30;9558399125;B
20240207;100424;199.840000000;80;9558399574;B
20240207;100424;199.840000000;170;9558399575;B
20240207;100425;199.740000000;50;9558399634;S
20240207;100428;199.780000000;50;9558400203;S
20240207;100429;199.780000000;30;9558400366;S
20240207;100429;199.680000000;470;9558400367;S
20240207;100432;199.780000000;180;9558400905;B
20240207;100432;199.800000000;20;9558400906;B
20240207;100432;199.820000000;130;9558400907;B
20240207;100432;199.860000000;670;9558400908;B
20240207;100436;199.780000000;10;9558401861;S
20240207;100444;199.800000000;10;9558402910;B
20240207;100448;199.780000000;70;9558403565;S
20240207;100448;199.780000000;30;9558403566;S
20240207;100450;199.800000000;10;9558404008;B
20240207;100450;199.780000000;130;9558404011;S
20240207;100453;199.800000000;30;9558404371;B
20240207;100453;199.800000000;170;9558404372;B
20240207;100453;199.800000000;30;9558404420;B
20240207;100454;199.780000000;40;9558404657;S
20240207;100454;199.780000000;160;9558404658;S
20240207;100500;199.820000000;10;9558405745;S
20240207;100500;199.800000000;20;9558405746;S
20240207;100500;199.800000000;10;9558405747;S
20240207;100500;199.780000000;1660;9558405748;S
20240207;100500;199.780000000;10;9558405749;S
20240207;100500;199.780000000;10;9558405750;S
20240207;100500;199.780000000;10;9558405751;S
20240207;100500;199.760000000;1270;9558405752;S
20240207;100505;199.860000000;10;9558406822;B
20240207;100510;199.780000000;10;9558407598;S
20240207;100510;199.780000000;70;9558407599;S
20240207;100510;199.760000000;1920;9558407600;S
20240207;100510;199.800000000;10;9558407611;S
20240207;100510;199.760000000;490;9558407612;S
20240207;100515;199.780000000;10;9558408632;S
20240207;100515;199.760000000;140;9558408633;S
20240207;100521;199.760000000;50;9558409416;S
20240207;100521;199.780000000;500;9558409427;B
20240207;100523;199.760000000;130;9558409761;S
20240207;100525;199.780000000;10;9558410199;B
20240207;100528;199.760000000;5000;9558410642;S
20240207;100528;199.760000000;1000;9558410653;S
20240207;100528;199.760000000;20;9558410679;S
20240207;100528;199.760000000;20;9558410680;S
20240207;100528;199.760000000;90;9558410681;S
20240207;100532;199.780000000;10;9558411472;B
20240207;100534;199.780000000;10;9558411842;B
20240207;100535;199.780000000;10;9558411960;B
20240207;100541;199.780000000;10;9558412965;B
20240207;100544;199.760000000;10;9558413398;S
20240207;100544;199.760000000;40;9558413399;S
20240207;100548;199.780000000;100;9558414087;B
20240207;100550;199.760000000;10;9558414252;S
20240207;100556;199.760000000;500;9558415278;S
20240207;100601;199.780000000;100;9558416205;B
20240207;100603;199.780000000;200;9558416454;B
20240207;100605;199.760000000;10;9558416988;S
20240207;100616;199.780000000;20;9558418635;B
20240207;100617;199.780000000;30;9558418751;B
20240207;100617;199.780000000;80;9558418752;B
20240207;100619;199.760000000;10;9558419229;S
20240207;100622;199.760000000;250;9558419553;S
20240207;100622;199.780000000;100;9558419602;B
20240207;100622;199.800000000;750;9558419603;B
20240207;100626;199.800000000;150;9558420260;S
20240207;100633;199.820000000;10;9558421266;B
20240207;100634;199.820000000;10;9558421451;B
20240207;100649;199.800000000;50;9558423444;S
20240207;100652;199.820000000;100;9558423922;B
20240207;100653;199.820000000;180;9558423963;B
20240207;100653;199.820000000;220;9558423996;B
20240207;100653;199.820000000;100;9558423997;B
20240207;100653;199.820000000;40;9558423998;B
20240207;100653;199.820000000;110;9558423999;B
20240207;100712;199.840000000;20;9558426368;B
20240207;100716;199.820000000;770;9558426858;S
20240207;100716;199.820000000;110;9558426859;S
20240207;100716;199.820000000;10;9558426860;S
20240207;100716;199.800000000;3110;9558426861;S
20240207;100716;199.800000000;680;9558426862;S
20240207;100717;199.820000000;50;9558426977;B
20240207;100724;199.800000000;50;9558428355;S
20240207;100726;199.820000000;50;9558428935;B
20240207;100735;199.800000000;10;9558430199;S
20240207;100741;199.820000000;110;9558431070;B
20240207;100741;199.820000000;100;9558431071;B
20240207;100741;199.840000000;500;9558431072;B
20240207;100741;199.880000000;30;9558431073;B
20240207;100742;199.860000000;50;9558431194;B
20240207;100746;199.800000000;90;9558431705;S
20240207;100746;199.800000000;10;9558431706;S
20240207;100746;199.780000000;30;9558431707;S
20240207;100746;199.780000000;100;9558431708;S
20240207;100746;199.780000000;20;9558431709;S
20240207;100746;199.760000000;4180;9558431710;S
20240207;100746;199.760000000;10;9558431711;S
20240207;100746;199.760000000;930;9558431712;S
20240207;100746;199.760000000;70;9558431713;S
20240207;100746;199.760000000;330;9558431714;S
20240207;100752;199.780000000;10;9558432941;B
20240207;100801;199.700000000;270;9558435105;S
20240207;100806;199.680000000;10;9558436389;S
20240207;100808;199.680000000;90;9558436847;S
20240207;100809;199.680000000;10;9558437038;B
20240207;100817;199.620000000;100;9558438449;S
20240207;100817;199.600000000;500;9558438450;S
20240207;100832;199.600000000;10;9558441748;B
20240207;100837;199.560000000;100;9558442660;S
20240207;100837;199.560000000;10;9558442661;S
20240207;100837;199.540000000;670;9558442662;S
20240207;100837;199.540000000;30;9558442663;S
20240207;100837;199.540000000;180;9558442664;S
20240207;100837;199.540000000;20;9558442665;S
20240207;100837;199.520000000;490;9558442666;S
20240207;100838;199.600000000;100;9558442989;B
20240207;100839;199.520000000;240;9558443201;S
20240207;100841;199.540000000;100;9558443494;B
20240207;100842;199.520000000;30;9558443910;S
20240207;100845;199.520000000;40;9558444730;S
20240207;100850;199.520000000;70;9558445576;S
20240207;100851;199.520000000;70;9558445803;S
20240207;100856;199.540000000;10;9558446774;S
20240207;100856;199.540000000;70;9558446839;S
20240207;100902;199.540000000;40;9558448116;S
20240207;100905;199.540000000;100;9558448660;S
20240207;100905;199.520000000;1340;9558448661;S
20240207;100905;199.520000000;80;9558448662;S
20240207;100905;199.520000000;10;9558448663;S
20240207;100905;199.520000000;630;9558448664;S
20240207;100905;199.520000000;410;9558448665;S
20240207;100908;199.540000000;20;9558449527;S
20240207;100909;199.540000000;40;9558449830;S
20240207;100909;199.580000000;100;9558449890;B
20240207;100911;199.600000000;10;9558450264;B
20240207;100915;199.560000000;100;9558450969;S
20240207;100915;199.560000000;80;9558450970;S
20240207;100917;199.540000000;180;9558451214;S
20240207;100917;199.580000000;10;9558451227;B
20240207;100917;199.540000000;250;9558451247;S
20240207;100928;199.540000000;500;9558452905;S
20240207;100937;199.580000000;100;9558454325;B
20240207;100939;199.540000000;10;9558454587;S
20240207;100939;199.520000000;30;9558454588;S
20240207;100941;199.540000000;80;9558454845;B
20240207;100946;199.560000000;10;9558455525;S
20240207;100946;199.560000000;310;9558455617;S
20240207;100946;199.560000000;100;9558455618;S
20240207;100946;199.520000000;60;9558455619;S
20240207;100946;199.520000000;10;9558455620;S
20240207;100946;199.520000000;10;9558455621;S
20240207;100946;199.520000000;10;9558455622;S
20240207;100946;199.500000000;29500;9558455623;S
20240207;100946;199.500000000;500;9558455624;S
20240207;100946;199.500000000;100;9558455625;S
20240207;100946;199.500000000;20;9558455626;S
20240207;100946;199.500000000;10;9558455627;S
20240207;100946;199.500000000;10;9558455628;S
20240207;100946;199.500000000;10;9558455629;S
20240207;100946;199.500000000;10;9558455630;S
20240207;100946;199.500000000;140;9558455631;S
20240207;100946;199.500000000;20;9558455632;S
20240207;100947;199.500000000;340;9558455668;S
20240207;100947;199.420000000;10;9558455714;S
20240207;100947;199.420000000;40;9558455715;S
20240207;100947;199.460000000;40;9558455803;B
20240207;100947;199.500000000;50;9558455804;B
20240207;100956;199.560000000;10;9558457036;B
20240207;100959;199.500000000;700;9558457398;S
20240207;100959;199.500000000;10;9558457399;S
20240207;101027;199.440000000;50;9558461398;S
20240207;101033;199.480000000;10;9558462330;B
20240207;101034;199.440000000;340;9558462392;S
20240207;101047;199.440000000;50;9558464662;B
20240207;101050;199.420000000;10;9558465027;S
20240207;101103;199.420000000;10;9558467172;S
20240207;101106;199.440000000;10;9558467548;B
20240207;101110;199.420000000;160;9558468104;S
20240207;101110;199.440000000;50;9558468139;B
20240207;101112;199.420000000;40;9558468358;S
20240207;101117;199.420000000;20;9558469102;S
20240207;101119;199.420000000;150;9558469346;S
20240207;101121;199.440000000;10;9558469651;B
20240207;101125;199.440000000;40;9558470191;B
20240207;101125;199.440000000;100;9558470323;B
20240207;101127;199.460000000;20;9558470453;S
20240207;101139;199.460000000;10;9558472043;S
20240207;101140;199.460000000;750;9558472136;S
20240207;101140;199.460000000;90;9558472137;S
20240207;101141;199.460000000;70;9558472352;B
20240207;101143;199.440000000;60;9558472569;S
20240207;101145;199.440000000;1000;9558472870;S
20240207;101145;199.440000000;140;9558472888;S
20240207;101149;199.440000000;10;9558473424;S
20240207;101149;199.460000000;10;9558473523;B
20240207;101152;199.460000000;20;9558474039;B
20240207;101152;199.440000000;90;9558474153;S
20240207;101152;199.440000000;5600;9558474165;S
20240207;101152;199.440000000;150;9558474166;S
20240207;101152;199.420000000;580;9558474167;S
20240207;101152;199.420000000;10;9558474168;S
20240207;101152;199.400000000;30;9558474169;S
20240207;101152;199.400000000;1000;9558474170;S
20240207;101152;199.360000000;10;9558474171;S
20240207;101152;199.360000000;420;9558474172;S
20240207;101153;199.320000000;40;9558474280;S
20240207;101155;199.320000000;60;9558474641;S
20240207;101155;199.320000000;420;9558474642;S
20240207;101155;199.300000000;10;9558474643;S
20240207;101155;199.300000000;10;9558474644;S
20240207;101157;199.280000000;10;9558475188;S
20240207;101157;199.280000000;480;9558475189;S
20240207;101157;199.260000000;500;9558475190;S
20240207;101157;199.240000000;10;9558475191;S
20240207;101157;199.220000000;100;9558475192;S
20240207;101157;199.220000000;100;9558475193;S
20240207;101158;199.220000000;300;9558475314;S
20240207;101201;199.240000000;10;9558475997;S
20240207;101201;199.220000000;20;9558475998;S
20240207;101203;199.360000000;20;9558476198;B
20240207;101211;199.360000000;490;9558477619;B
20240207;101211;199.360000000;400;9558477620;B
20240207;101214;199.360000000;10;9558477995;B
20240207;101219;199.360000000;100;9558478916;B
20240207;101219;199.360000000;90;9558478917;B
20240207;101219;199.400000000;50;9558478935;B
20240207;101219;199.420000000;10;9558478936;B
20240207;101219;199.440000000;510;9558478937;B
20240207;101219;199.440000000;490;9558478938;B
20240207;101228;199.400000000;10;9558480722;S
20240207;101228;199.380000000;70;9558480723;S
20240207;101232;199.460000000;10;9558481168;B
20240207;101232;199.460000000;150;9558481263;B
20240207;101237;199.400000000;90;9558481940;S
20240207;101237;199.380000000;260;9558481941;S
20240207;101239;199.380000000;430;9558482399;S
20240207;101239;199.380000000;50;9558482400;S
20240207;101239;199.360000000;1070;9558482401;S
20240207;101239;199.360000000;90;9558482402;S
20240207;101239;199.340000000;500;9558482403;S
20240207;101239;199.260000000;180;9558482404;S
20240207;101239;199.260000000;490;9558482405;S
20240207;101239;199.260000000;190;9558482406;S
20240207;101245;199.420000000;50;9558483610;B
20240207;101252;199.300000000;10;9558484566;S
20240207;101252;199.300000000;40;9558484567;S
20240207;101253;199.300000000;760;9558484703;S
20240207;101253;199.280000000;500;9558484704;S
20240207;101253;199.280000000;30;9558484705;S
20240207;101257;199.300000000;190;9558485334;S
20240207;101259;199.300000000;50;9558485628;S
20240207;101259;199.300000000;100;9558485692;S
20240207;101304;199.300000000;30;9558486678;B
20240207;101305;199.280000000;500;9558486842;S
20240207;101305;199.280000000;90;9558486843;S
20240207;101305;199.240000000;30;9558486844;S
20240207;101305;199.240000000;70;9558486845;S
20240207;101305;199.220000000;410;9558486846;S
20240207;101309;199.280000000;10;9558487416;B
20240207;101309;199.280000000;10;9558487422;B
20240207;101336;199.200000000;50;9558491858;S
20240207;101344;199.200000000;170;9558492960;S
20240207;101344;199.200000000;10;9558492961;S
20240207;101344;199.180000000;10;9558492962;S
20240207;101344;199.180000000;400;9558492963;S
20240207;101344;199.180000000;90;9558492964;S
20240207;101344;199.160000000;270;9558492965;S
20240207;101344;199.140000000;50;9558492966;S
20240207;101345;199.260000000;270;9558493124;B
20240207;101349;199.200000000;20;9558493603;S
20240207;101351;199.200000000;70;9558493876;S
20240207;101351;199.200000000;10;9558493877;S
20240207;101351;199.180000000;10;9558493878;S
20240207;101351;199.180000000;90;9558493879;S
20240207;101351;199.160000000;500;9558493880;S
20240207;101353;199.160000000;500;9558494273;B
20240207;101354;199.160000000;600;9558494364;B
20240207;101355;199.160000000;130;9558494454;B
20240207;101356;199.140000000;50;9558494620;S
20240207;101356;199.140000000;10;9558494621;S
20240207;101356;199.120000000;940;9558494622;S
20240207;101356;199.140000000;10;9558494642;B
20240207;101359;199.140000000;100;9558495244;B
20240207;101400;199.120000000;60;9558495365;S
20240207;101400;199.100000000;110;9558495366;S
20240207;101400;199.080000000;500;9558495367;S
20240207;101400;199.060000000;750;9558495368;S
20240207;101400;199.040000000;500;9558495369;S
20240207;101400;199.020000000;10;9558495370;S
20240207;101400;199.020000000;1250;9558495371;S
20240207;101400;199.000000000;40;9558495372;S
20240207;101400;199.000000000;70;9558495373;S
20240207;101400;199.000000000;10;9558495374;S
20240207;101400;199.000000000;10;9558495375;S
20240207;101400;199.000000000;10;9558495376;S
20240207;101400;199.000000000;10;9558495377;S
20240207;101400;199.000000000;30;9558495378;S
20240207;101401;199.140000000;10;9558495551;B
20240207;101402;199.100000000;190;9558495701;S
20240207;101402;199.060000000;330;9558495702;S
20240207;101414;199.100000000;60;9558497878;B
20240207;101425;199.060000000;10;9558499360;S
20240207;101425;199.020000000;30;9558499361;S
20240207;101429;199.060000000;10;9558500100;B
20240207;101429;199.080000000;90;9558500101;B
20240207;101430;199.100000000;300;9558500286;B
20240207;101435;199.020000000;40;9558500928;S
20240207;101435;199.000000000;60;9558500929;S
20240207;101438;199.100000000;10;9558501261;B
20240207;101445;199.100000000;10;9558502508;B
20240207;101454;199.040000000;760;9558503775;S
20240207;101454;199.040000000;100;9558503776;S
20240207;101454;199.020000000;630;9558503777;S
20240207;101459;199.100000000;20;9558504468;B
20240207;101505;199.100000000;10;9558505499;B
20240207;101506;199.060000000;10;9558505564;S
20240207;101510;199.100000000;20;9558506461;B
20240207;101510;199.140000000;180;9558506462;B
20240207;101510;199.140000000;190;9558506463;B
20240207;101510;199.140000000;760;9558506464;B
20240207;101510;199.140000000;60;9558506466;B
20240207;101510;199.140000000;30;9558506531;S
20240207;101511;199.140000000;10;9558506857;S
20240207;101515;199.140000000;700;9558507653;S
20240207;101520;199.160000000;500;9558508826;B
20240207;101521;199.160000000;10;9558509113;B
20240207;101522;199.160000000;20;9558509289;B
20240207;101522;199.140000000;10;9558509448;S
20240207;101523;199.140000000;10;9558509674;S
20240207;101525;199.140000000;150;9558509869;S
20240207;101526;199.280000000;10;9558510090;B
20240207;101527;199.280000000;10;9558510381;B
20240207;101530;199.180000000;10;9558511041;S
20240207;101532;199.280000000;30;9558511347;B
20240207;101532;199.280000000;30;9558511453;B
20240207;101532;199.160000000;10;9558511514;S
20240207;101539;199.280000000;30;9558512797;B
20240207;101545;199.280000000;30;9558514400;B
20240207;101546;199.280000000;30;9558514450;B
20240207;101546;199.280000000;30;9558514550;B
20240207;101547;199.280000000;100;9558514638;B
20240207;101547;199.280000000;30;9558514650;B
20240207;101547;199.280000000;30;9558514655;B
20240207;101548;199.280000000;30;9558514718;B
20240207;101548;199.280000000;30;9558514777;B
20240207;101556;199.280000000;100;9558516712;B
20240207;101556;199.200000000;120;9558516721;S
20240207;101602;199.280000000;10;9558518310;B
20240207;101603;199.280000000;10;9558518508;B
20240207;101603;199.280000000;20;9558518615;B
20240207;101613;199.280000000;420;9558520852;B
20240207;101613;199.280000000;10;9558520853;B
20240207;101615;199.300000000;20;9558521240;B
20240207;101616;199.300000000;20;9558521473;B
20240207;101617;199.300000000;790;9558521706;B
20240207;101617;199.300000000;20;9558521718;B
20240207;101618;199.300000000;10;9558521975;B
20240207;101621;199.300000000;10;9558522649;B
20240207;101623;199.280000000;250;9558523023;S
20240207;101623;199.280000000;1320;9558523083;S
20240207;101623;199.280000000;120;9558523084;S
20240207;101623;199.240000000;290;9558523085;S
20240207;101624;199.240000000;50;9558523421;S
20240207;101624;199.240000000;600;9558523422;S
20240207;101633;199.300000000;10;9558525621;B
20240207;101638;199.300000000;10;9558527291;B
20240207;101649;199.300000000;200;9558529975;B
20240207;101654;199.300000000;100;9558531023;B
20240207;101703;199.220000000;30;9558532986;S
20240207;101703;199.220000000;130;9558532987;S
20240207;101708;199.220000000;2000;9558533703;B
20240207;101711;199.220000000;1000;9558534170;B
20240207;101713;199.220000000;60;9558534552;B
20240207;101720;199.220000000;10;9558535722;B
20240207;101725;199.220000000;50;9558536805;B
20240207;101729;199.220000000;50;9558537449;B
20240207;101729;199.220000000;10;9558537480;B
20240207;101731;199.220000000;10;9558537678;B
20240207;101733;199.220000000;300;9558538543;B
20240207;101737;199.200000000;10;9558539455;S
20240207;101737;199.200000000;50;9558539456;S
20240207;101737;199.200000000;40;9558539457;S
20240207;101747;199.200000000;80;9558541406;S
20240207;101747;199.200000000;10;9558541407;S
20240207;101747;199.200000000;90;9558541408;S
20240207;101753;199.220000000;1000;9558542632;B
20240207;101753;199.220000000;190;9558542638;B
20240207;101753;199.220000000;10;9558542639;B
20240207;101754;199.240000000;10;9558542755;B
20240207;101754;199.240000000;20;9558542756;B
20240207;101755;199.240000000;30;9558542898;B
20240207;101810;199.240000000;450;9558545255;B
20240207;101810;199.260000000;150;9558545256;B
20240207;101810;199.260000000;400;9558545257;B
20240207;101810;199.260000000;100;9558545259;B
20240207;101810;199.280000000;900;9558545260;B
20240207;101818;199.280000000;100;9558546494;B
20240207;101820;199.240000000;10;9558546772;S
20240207;101820;199.240000000;150;9558546773;S
20240207;101820;199.220000000;290;9558546774;S
20240207;101824;199.260000000;50;9558547404;B
20240207;101829;199.220000000;80;9558548316;S
20240207;101829;199.200000000;60;9558548317;S
20240207;101829;199.200000000;110;9558548318;S
20240207;101829;199.200000000;10;9558548319;S
20240207;101829;199.200000000;70;9558548320;S
20240207;101829;199.200000000;10;9558548321;S
20240207;101831;199.200000000;20;9558548841;B
20240207;101836;199.180000000;30;9558549521;B
20240207;101838;199.180000000;10;9558549804;B
20240207;101844;199.180000000;110;9558550632;B
20240207;101844;199.180000000;150;9558550633;B
20240207;101849;199.200000000;100;9558551497;B
20240207;101849;199.180000000;10;9558551545;S
20240207;101852;199.200000000;20;9558551811;B
20240207;101852;199.200000000;50;9558551834;B
20240207;101915;199.200000000;10;9558555998;B
20240207;101915;199.200000000;30;9558556043;B
20240207;101921;199.180000000;10;9558556959;S
20240207;101926;199.180000000;120;9558557677;S
20240207;101926;199.180000000;10;9558557678;S
20240207;101926;199.180000000;10;9558557679;S
20240207;101930;199.180000000;40;9558558242;B
20240207;101930;199.180000000;20;9558558271;B
20240207;101931;199.180000000;70;9558558418;B
20240207;101938;199.160000000;10;9558559544;S
20240207;101938;199.160000000;20;9558559545;S
20240207;101938;199.160000000;800;9558559546;S
20240207;101938;199.120000000;300;9558559547;S
20240207;101938;199.100000000;60;9558559548;S
20240207;101938;199.100000000;180;9558559549;S
20240207;101938;199.100000000;30;9558559550;S
20240207;101938;199.100000000;10;9558559551;S
20240207;101938;199.100000000;10;9558559552;S
20240207;101938;199.060000000;450;9558559553;S
20240207;101938;199.060000000;500;9558559554;S
20240207;101938;199.040000000;10;9558559555;S
20240207;101938;199.040000000;1820;9558559556;S
20240207;101938;199.020000000;1000;9558559557;S
20240207;101938;199.020000000;10;9558559558;S
20240207;101938;199.020000000;20;9558559559;S
20240207;101938;199.020000000;30;9558559560;S
20240207;101938;199.020000000;20;9558559561;S
20240207;101938;199.000000000;910;9558559562;S
20240207;101938;199.000000000;20;9558559563;S
20240207;101938;199.000000000;80;9558559564;S
20240207;101938;199.000000000;90;9558559565;S
20240207;101938;199.000000000;50;9558559566;S
20240207;101938;199.000000000;10;9558559567;S
20240207;101938;199.000000000;1000;9558559568;S
20240207;101938;199.000000000;10;9558559569;S
20240207;101938;199.000000000;10;9558559570;S
20240207;101938;199.000000000;10;9558559571;S
20240207;101938;199.000000000;500;9558559572;S
20240207;101938;199.000000000;10;9558559573;S
20240207;101938;199.000000000;10;9558559574;S
20240207;101938;199.000000000;10;9558559575;S
20240207;101938;199.020000000;100;9558559612;S
20240207;101942;199.120000000;60;9558560289;B
20240207;101959;199.120000000;150;9558562693;B
20240207;101959;199.120000000;70;9558562694;B
20240207;101959;199.120000000;280;9558562695;S
20240207;102001;199.100000000;30;9558562932;B
20240207;102008;199.020000000;390;9558564014;S
20240207;102017;199.100000000;10;9558566197;B
20240207;102017;199.100000000;30;9558566214;B
20240207;102017;199.100000000;110;9558566238;B
20240207;102017;199.100000000;70;9558566248;B
20240207;102018;199.100000000;30;9558566265;B
20240207;102018;199.100000000;230;9558566841;B
20240207;102018;199.100000000;10;9558567329;B
20240207;102024;199.020000000;20;9558568886;S
20240207;102027;199.100000000;630;9558571232;B
20240207;102027;199.100000000;180;9558571233;B
20240207;102027;199.100000000;760;9558571234;B
20240207;102027;199.120000000;3430;9558571235;B
20240207;102028;199.120000000;10;9558571496;B
20240207;102035;199.120000000;20;9558574014;B
20240207;102037;199.100000000;10;9558574540;S
20240207;102037;199.040000000;580;9558574541;S
20240207;102037;199.020000000;10;9558574542;S
20240207;102037;199.020000000;510;9558574543;S
20240207;102037;199.020000000;500;9558574544;S
20240207;102037;199.020000000;760;9558574545;S
20240207;102038;199.020000000;50;9558574719;B
20240207;102039;199.000000000;140;9558574856;S
20240207;102039;199.000000000;100;9558574857;S
20240207;102039;199.000000000;20;9558574858;S
20240207;102039;199.000000000;30;9558574859;S
20240207;102039;199.000000000;100;9558574860;S
20240207;102039;199.000000000;10;9558574861;S
20240207;102039;199.000000000;10;9558574862;S
20240207;102039;199.000000000;10;9558574863;S
20240207;102039;199.000000000;10;9558574864;S
20240207;102039;199.000000000;10;9558574865;S
20240207;102039;199.000000000;40;9558574866;S
20240207;102039;199.000000000;90;9558574867;S
20240207;102039;199.000000000;20;9558574868;S
20240207;102039;199.000000000;50;9558574869;S
20240207;102039;199.000000000;70;9558574870;S
20240207;102039;199.000000000;10;9558574871;S
20240207;102039;199.000000000;10;9558574872;S
20240207;102039;199.000000000;50;9558574873;S
20240207;102039;199.000000000;10;9558574874;S
20240207;102039;199.000000000;810;9558574875;S
20240207;102041;199.020000000;500;9558575728;B
20240207;102041;199.020000000;10;9558575769;B
20240207;102043;199.020000000;200;9558576753;B
20240207;102045;199.020000000;100;9558577009;B
20240207;102045;199.020000000;30;9558577435;B
20240207;102046;199.020000000;20;9558577568;B
20240207;102046;199.020000000;1000;9558578236;B
20240207;102046;199.000000000;50;9558578249;S
20240207;102052;199.020000000;10;9558579963;B
20240207;102053;199.020000000;10;9558580116;B
20240207;102055;199.000000000;40;9558580554;S
20240207;102055;199.000000000;110;9558580555;S
20240207;102058;199.000000000;90;9558581291;S
20240207;102059;199.000000000;460;9558581477;S
20240207;102103;199.000000000;340;9558582430;S
20240207;102103;199.000000000;10;9558582431;S
20240207;102103;199.000000000;200;9558582432;S
20240207;102103;199.000000000;100;9558582433;S
20240207;102103;199.000000000;100;9558582434;S
20240207;102103;199.000000000;10;9558582435;S
20240207;102103;199.000000000;10;9558582436;S
20240207;102103;199.000000000;10;9558582437;S
20240207;102103;199.000000000;50;9558582438;S
20240207;102103;199.000000000;70;9558582439;S
20240207;102105;198.980000000;10;9558583130;S
20240207;102105;198.980000000;10;9558583131;S
20240207;102109;199.000000000;10;9558584695;B
20240207;102112;198.980000000;20;9558585094;S
20240207;102112;198.980000000;30;9558585095;S
20240207;102114;199.000000000;50;9558585781;B
20240207;102116;199.000000000;50;9558586290;B
20240207;102116;199.000000000;660;9558586295;B
20240207;102116;199.000000000;320;9558586296;B
20240207;102116;199.000000000;20;9558586297;B
20240207;102117;199.000000000;20;9558586324;B
20240207;102117;199.000000000;190;9558586325;B
20240207;102117;199.000000000;20;9558586326;B
20240207;102117;199.000000000;70;9558586327;B
20240207;102121;199.000000000;10;9558587787;B
20240207;102121;199.000000000;40;9558587803;B
20240207;102127;199.000000000;110;9558589064;B
20240207;102127;199.000000000;190;9558589065;B
20240207;102127;199.000000000;270;9558589066;B
20240207;102132;199.000000000;180;9558590975;S
20240207;102132;199.000000000;10;9558590976;S
20240207;102134;199.000000000;10;9558591315;B
20240207;102135;199.000000000;10;9558591821;B
20240207;102137;198.980000000;100;9558592482;S
20240207;102137;198.980000000;1000;9558592483;S
20240207;102137;198.980000000;560;9558592484;S
20240207;102137;198.960000000;10;9558592485;S
20240207;102137;198.960000000;10;9558592486;S
20240207;102137;198.960000000;190;9558592487;S
20240207;102137;198.940000000;110;9558592488;S
20240207;102137;198.920000000;50;9558592489;S
20240207;102137;198.920000000;10;9558592490;S
20240207;102137;198.920000000;10;9558592491;S
20240207;102137;198.920000000;30;9558592492;S
20240207;102137;198.920000000;500;9558592493;S
20240207;102137;198.900000000;40;9558592494;S
20240207;102137;198.900000000;500;9558592495;S
20240207;102137;198.900000000;50;9558592496;S
20240207;102137;198.900000000;10;9558592497;S
20240207;102137;198.880000000;10;9558592498;S
20240207;102137;198.860000000;780;9558592499;S
20240207;102137;198.840000000;10;9558592500;S
20240207;102137;198.840000000;1820;9558592501;S
20240207;102137;198.840000000;500;9558592502;S
20240207;102137;198.840000000;760;9558592503;S
20240207;102137;198.820000000;30;9558592504;S
20240207;102137;198.820000000;10;9558592505;S
20240207;102137;198.820000000;510;9558592506;S
20240207;102137;198.820000000;1250;9558592507;S
20240207;102137;198.800000000;1000;9558592508;S
20240207;102137;198.800000000;50;9558592509;S
20240207;102137;198.800000000;10;9558592510;S
20240207;102137;198.800000000;10;9558592511;S
20240207;102137;198.800000000;10;9558592512;S
20240207;102137;198.800000000;10;9558592513;S
20240207;102137;198.800000000;200;9558592514;S
20240207;102137;198.780000000;20;9558592515;S
20240207;102137;198.760000000;100;9558592516;S
20240207;102137;198.760000000;50;9558592517;S
20240207;102137;198.760000000;180;9558592518;S
20240207;102137;198.740000000;5200;9558592519;S
20240207;102137;198.720000000;10;9558592520;S
20240207;102137;198.720000000;20;9558592521;S
20240207;102137;198.720000000;10;9558592522;S
20240207;102137;198.720000000;10;9558592523;S
20240207;102137;198.720000000;300;9558592524;S
20240207;102137;198.700000000;3950;9558592525;S
20240207;102137;198.740000000;510;9558592538;S
20240207;102137;198.720000000;540;9558592539;S
20240207;102137;198.700000000;20;9558592551;S
20240207;102137;198.700000000;70;9558592555;S
20240207;102137;198.700000000;100;9558592560;S
20240207;102140;198.840000000;20;9558593730;B
20240207;102141;198.840000000;10;9558593811;B
20240207;102143;198.800000000;80;9558594201;S
20240207;102148;198.880000000;90;9558595750;B
20240207;102149;198.900000000;470;9558596315;B
20240207;102150;198.980000000;100;9558596565;B
20240207;102152;198.980000000;40;9558597023;B
20240207;102152;198.940000000;10;9558597068;S
20240207;102206;198.960000000;170;9558600756;S
20240207;102206;198.940000000;100;9558600757;S
20240207;102206;198.940000000;10;9558600758;S
20240207;102206;198.940000000;20;9558600759;S
20240207;102209;198.940000000;10;9558602344;S
20240207;102210;198.980000000;200;9558602377;B
20240207;102215;198.940000000;20;9558603861;S
20240207;102215;198.940000000;10;9558603862;S
20240207;102215;198.940000000;100;9558603863;S
20240207;102215;198.940000000;70;9558603864;S
20240207;102219;198.980000000;20;9558604925;B
20240207;102220;198.940000000;10;9558605783;S
20240207;102220;198.940000000;90;9558605784;S
20240207;102224;198.940000000;10;9558606477;S
20240207;102224;198.940000000;100;9558606478;S
20240207;102224;198.920000000;180;9558606479;S
20240207;102224;198.900000000;200;9558606480;S
20240207;102225;198.900000000;10;9558606805;S
20240207;102236;198.940000000;10;9558609906;B
20240207;102239;198.960000000;10;9558610808;B
20240207;102243;198.920000000;100;9558611828;S
20240207;102245;198.920000000;410;9558611957;S
20240207;102245;198.920000000;180;9558611958;S
20240207;102245;198.900000000;4310;9558611959;S
20240207;102245;198.900000000;100;9558611960;S
20240207;102245;198.880000000;580;9558611961;S
20240207;102245;198.860000000;10;9558611962;S
20240207;102245;198.860000000;500;9558611963;S
20240207;102245;198.840000000;400;9558611964;S
20240207;102245;198.800000000;50;9558611965;S
20240207;102245;198.800000000;50;9558611966;S
20240207;102245;198.800000000;150;9558611967;S
20240207;102245;198.780000000;180;9558611968;S
20240207;102245;198.780000000;50;9558611969;S
20240207;102245;198.760000000;50;9558611970;S
20240207;102245;198.760000000;500;9558611971;S
20240207;102245;198.760000000;40;9558611972;S
20240207;102245;198.740000000;50;9558611973;S
20240207;102245;198.740000000;760;9558611974;S
20240207;102245;198.740000000;1250;9558611975;S
20240207;102245;198.720000000;10;9558611976;S
20240207;102245;198.700000000;860;9558611977;S
20240207;102245;198.700000000;30;9558611978;S
20240207;102245;198.700000000;200;9558611979;S
20240207;102245;198.700000000;50;9558611980;S
20240207;102245;198.700000000;250;9558611981;S
20240207;102245;198.700000000;10;9558611982;S
20240207;102245;198.700000000;10;9558611983;S
20240207;102245;198.700000000;500;9558611984;S
20240207;102245;198.700000000;10;9558611985;S
20240207;102245;198.700000000;50;9558611986;S
20240207;102245;198.700000000;40;9558611987;S
20240207;102245;198.680000000;180;9558611988;S
20240207;102245;198.680000000;10;9558611989;S
20240207;102245;198.620000000;210;9558611990;S
20240207;102245;198.720000000;60;9558612046;S
20240207;102245;198.720000000;100;9558612050;S
20240207;102246;198.720000000;40;9558612069;S
20240207;102250;198.920000000;10;9558613308;B
20240207;102254;198.920000000;40;9558615024;S
20240207;102256;198.940000000;50;9558615767;B
20240207;102256;198.920000000;200;9558616030;S
20240207;102309;198.900000000;200;9558618907;S
20240207;102309;198.900000000;10;9558618908;S
20240207;102321;198.800000000;100;9558622175;S
20240207;102326;198.820000000;10;9558623845;S
20240207;102334;198.880000000;150;9558625740;S
20240207;102334;198.900000000;370;9558625762;B
20240207;102342;198.880000000;10;9558629164;B
20240207;102353;198.840000000;100;9558632040;S
20240207;102355;198.880000000;10;9558632575;B
20240207;102355;198.880000000;190;9558632576;B
20240207;102357;198.820000000;80;9558632706;S
20240207;102401;198.880000000;10;9558634607;B
20240207;102405;198.880000000;10;9558635348;B
20240207;102407;198.840000000;10;9558635994;S
20240207;102407;198.840000000;10;9558635995;S
20240207;102407;198.840000000;80;9558635996;S
20240207;102410;198.900000000;30;9558636940;B
20240207;102411;198.900000000;10;9558637398;B
20240207;102414;198.900000000;10;9558638444;B
20240207;102415;198.900000000;20;9558638508;B
20240207;102419;198.900000000;10;9558639181;B
20240207;102420;198.840000000;760;9558639245;S
20240207;102420;198.840000000;100;9558639246;S
20240207;102420;198.840000000;10;9558639247;S
20240207;102420;198.840000000;20;9558639248;S
20240207;102420;198.840000000;50;9558639249;S
20240207;102420;198.820000000;20;9558639250;S
20240207;102420;198.820000000;50;9558639251;S
20240207;102420;198.820000000;10;9558639252;S
20240207;102420;198.820000000;20;9558639253;S
20240207;102420;198.820000000;100;9558639254;S
20240207;102420;198.820000000;10;9558639255;S
20240207;102420;198.800000000;10;9558639256;S
20240207;102420;198.800000000;30;9558639257;S
20240207;102420;198.800000000;20;9558639258;S
20240207;102420;198.800000000;100;9558639259;S
20240207;102420;198.800000000;10;9558639260;S
20240207;102420;198.800000000;50;9558639261;S
20240207;102420;198.800000000;10;9558639262;S
20240207;102420;198.800000000;500;9558639263;S
20240207;102420;198.780000000;20;9558639264;S
20240207;102420;198.780000000;50;9558639265;S
20240207;102420;198.760000000;10;9558639266;S
20240207;102420;198.760000000;50;9558639267;S
20240207;102420;198.740000000;80;9558639268;S
20240207;102420;198.740000000;50;9558639269;S
20240207;102420;198.720000000;70;9558639270;S
20240207;102420;198.720000000;100;9558639271;S
20240207;102420;198.720000000;10;9558639272;S
20240207;102420;198.720000000;80;9558639273;S
20240207;102421;198.880000000;180;9558639802;B
20240207;102421;198.880000000;110;9558639803;B
20240207;102421;198.880000000;1820;9558639804;B
20240207;102421;198.880000000;1820;9558639805;B
20240207;102421;198.900000000;220;9558639806;B
20240207;102421;198.900000000;850;9558639807;B
20240207;102422;198.880000000;70;9558640412;B
20240207;102422;198.900000000;130;9558640413;B
20240207;102425;198.900000000;30;9558641033;B
20240207;102429;198.900000000;10;9558642233;B
20240207;102430;198.820000000;10;9558642718;S
20240207;102438;198.900000000;40;9558644996;B
20240207;102445;198.900000000;10;9558647559;B
20240207;102448;198.900000000;100;9558648158;B
20240207;102454;198.900000000;50;9558650457;B
20240207;102501;198.900000000;240;9558652451;B
20240207;102502;198.860000000;10;9558653079;S
20240207;102502;198.860000000;120;9558653097;S
20240207;102502;198.860000000;10;9558653135;S
20240207;102503;198.860000000;370;9558653205;S
20240207;102503;198.860000000;760;9558653206;S
20240207;102503;198.840000000;50;9558653207;S
20240207;102503;198.840000000;720;9558653208;S
20240207;102505;198.900000000;120;9558653761;B
20240207;102510;198.860000000;20;9558654851;S
20240207;102512;198.900000000;250;9558655737;B
20240207;102512;198.900000000;50;9558655779;B
20240207;102516;198.840000000;10;9558656722;S
20240207;102516;198.860000000;100;9558656723;B
20240207;102521;198.900000000;30;9558658041;B
20240207;102521;198.900000000;30;9558658077;B
20240207;102522;198.900000000;30;9558658769;B
20240207;102527;198.900000000;30;9558660085;B
20240207;102527;198.900000000;30;9558660182;B
20240207;102528;198.900000000;30;9558660291;B
20240207;102529;198.900000000;30;9558660465;B
20240207;102530;198.900000000;10;9558660758;B
20240207;102531;198.900000000;20;9558660866;B
20240207;102532;198.900000000;7000;9558660945;B
20240207;102532;198.900000000;880;9558660949;B
20240207;102532;198.900000000;100;9558660950;B
20240207;102532;198.900000000;270;9558660951;B
20240207;102532;198.900000000;200;9558660952;B
20240207;102537;198.960000000;500;9558663021;B
20240207;102538;198.960000000;1000;9558663366;B
20240207;102539;198.960000000;10;9558663488;B
20240207;102541;198.940000000;30;9558663706;S
20240207;102545;198.960000000;10;9558664607;B
20240207;102549;198.960000000;480;9558665494;B
20240207;102552;198.960000000;20;9558666430;B
20240207;102555;198.960000000;900;9558667607;B
20240207;102558;198.940000000;160;9558668512;S
20240207;102558;198.940000000;270;9558668513;S
20240207;102558;198.940000000;100;9558668514;S
20240207;102558;198.920000000;760;9558668515;S
20240207;102558;198.920000000;510;9558668516;S
20240207;102558;198.920000000;10;9558668517;S
20240207;102558;198.900000000;2210;9558668518;S
20240207;102559;198.940000000;950;9558668633;B
20240207;102559;198.940000000;300;9558669336;B
20240207;102559;198.960000000;1200;9558669337;B
20240207;102602;198.940000000;30;9558669876;S
20240207;102606;198.960000000;540;9558670247;B
20240207;102610;198.940000000;100;9558670821;S
20240207;102613;198.940000000;20;9558671205;S
20240207;102615;198.960000000;10;9558671426;B
20240207;102617;198.940000000;10;9558671731;S
20240207;102628;198.940000000;40;9558672797;S
20240207;102636;198.960000000;10;9558673699;B
20240207;102645;198.960000000;20;9558674930;B
20240207;102647;198.960000000;10;9558675192;B
20240207;102653;198.960000000;10;9558675637;B
20240207;102657;198.960000000;300;9558676002;B
20240207;102658;198.960000000;10;9558676095;B
20240207;102700;198.940000000;50;9558676243;S
20240207;102700;198.940000000;180;9558676244;S
20240207;102700;198.940000000;270;9558676245;S
20240207;102702;198.940000000;20;9558676443;S
20240207;102702;198.940000000;10;9558676514;S
20240207;102704;198.940000000;200;9558676695;S
20240207;102708;198.940000000;380;9558677172;S
20240207;102708;198.960000000;10;9558677178;B
20240207;102712;198.960000000;50;9558677515;B
20240207;102714;198.940000000;20;9558677702;S
20240207;102716;198.960000000;20;9558678497;B
20240207;102719;198.960000000;2000;9558679265;B
20240207;102720;198.960000000;10;9558679482;B
20240207;102720;198.960000000;10;9558679517;B
20240207;102721;198.960000000;20;9558679530;B
20240207;102723;198.960000000;10;9558679945;B
20240207;102725;198.960000000;60;9558680223;B
20240207;102732;198.960000000;10;9558681044;B
20240207;102737;198.960000000;10;9558681477;B
20240207;102738;198.960000000;500;9558681574;B
20240207;102738;198.960000000;2260;9558681575;B
20240207;102744;198.960000000;70;9558682168;S
20240207;102744;198.960000000;30;9558682206;S
20240207;102748;198.960000000;660;9558682812;S
20240207;102748;198.960000000;510;9558682813;S
20240207;102748;198.960000000;100;9558682814;S
20240207;102748;198.960000000;90;9558682815;S
20240207;102748;198.960000000;190;9558682816;S
20240207;102748;198.940000000;450;9558682817;S
20240207;102752;198.980000000;20;9558683425;B
20240207;102752;198.980000000;90;9558683426;B
20240207;102753;198.980000000;610;9558683448;B
20240207;102756;198.980000000;20;9558683888;B
20240207;102758;198.980000000;10;9558684106;B
20240207;102802;198.960000000;50;9558684568;S
20240207;102802;198.980000000;20;9558684647;B
20240207;102803;198.980000000;50;9558684874;B
20240207;102807;198.980000000;20;9558685850;B
20240207;102807;198.980000000;10;9558685865;B
20240207;102812;198.960000000;10;9558686486;S
20240207;102812;198.980000000;30;9558686502;B
20240207;102813;198.960000000;10;9558686542;S
20240207;102815;198.980000000;1000;9558686757;B
20240207;102818;198.960000000;300;9558687397;S
20240207;102818;198.960000000;30;9558687427;S
20240207;102820;198.980000000;140;9558687819;B
20240207;102820;198.980000000;370;9558687820;B
20240207;102825;198.960000000;150;9558688590;S
20240207;102830;198.980000000;10;9558689195;B
20240207;102834;198.980000000;10;9558689606;B
20240207;102843;198.980000000;20;9558690702;B
20240207;102847;198.960000000;300;9558691223;S
20240207;102850;198.980000000;810;9558691544;B
20240207;102853;198.980000000;10;9558692029;B
20240207;102900;198.980000000;10;9558692779;B
20240207;102903;198.960000000;30;9558693131;S
20240207;102907;198.960000000;10;9558693527;S
20240207;102912;198.980000000;30;9558694512;B
20240207;102918;198.980000000;10;9558695123;B
20240207;102920;198.980000000;40;9558695677;B
20240207;102920;198.980000000;10;9558695680;B
20240207;102928;198.980000000;20;9558696760;B
20240207;102929;198.960000000;10;9558696895;S
20240207;102929;198.960000000;20;9558696896;S
20240207;102932;198.980000000;100;9558697245;B
20240207;102934;198.960000000;100;9558697445;S
20240207;102939;198.960000000;60;9558697953;S
20240207;102941;198.960000000;10;9558698088;S
20240207;102944;198.980000000;10;9558698519;B
20240207;102953;198.960000000;320;9558699538;S
20240207;102953;198.960000000;10;9558699539;S
20240207;102953;198.960000000;20;9558699540;S
20240207;102953;198.960000000;10;9558699596;S
20240207;103002;198.980000000;100;9558700714;B
20240207;103003;198.980000000;20;9558700828;B
20240207;103003;198.980000000;20;9558700872;B
20240207;103007;198.960000000;10;9558701387;S
20240207;103009;198.980000000;20;9558701658;B
20240207;103009;198.980000000;20;9558701705;B
20240207;103011;198.980000000;10;9558701968;B
20240207;103014;198.980000000;30;9558702308;B
20240207;103026;198.960000000;560;9558703628;S
20240207;103026;198.960000000;10;9558703629;S
20240207;103026;198.960000000;140;9558703630;S
20240207;103026;198.980000000;40;9558703631;B
20240207;103026;198.980000000;10;9558703634;B
20240207;103029;198.980000000;200;9558703953;B
20240207;103036;198.980000000;200;9558704868;B
20240207;103036;198.980000000;200;9558704869;B
20240207;103036;198.980000000;100;9558704870;B
20240207;103045;198.980000000;150;9558706458;B
20240207;103046;198.980000000;500;9558706617;S
20240207;103049;199.000000000;40;9558706878;B
20240207;103049;199.000000000;100;9558706879;B
20240207;103049;199.000000000;40;9558706880;B
20240207;103049;199.000000000;130;9558706881;B
20240207;103049;199.000000000;60;9558706882;B
20240207;103049;199.000000000;630;9558706883;B
20240207;103056;199.000000000;1670;9558707693;B
20240207;103056;199.000000000;20;9558707694;B
20240207;103056;199.000000000;10;9558707695;B
20240207;103056;199.000000000;60;9558707696;B
20240207;103056;199.000000000;1030;9558707697;B
20240207;103100;199.000000000;100;9558708083;B
20240207;103101;199.000000000;50;9558708153;B
20240207;103101;199.000000000;10;9558708175;B
20240207;103103;199.000000000;50;9558708385;B
20240207;103104;199.000000000;50;9558708623;B
20240207;103110;199.000000000;610;9558709389;B
20240207;103110;199.000000000;10;9558709390;B
20240207;103110;199.000000000;10;9558709391;B
20240207;103110;199.000000000;1630;9558709392;B
20240207;103110;199.000000000;50;9558709436;B
20240207;103111;199.000000000;370;9558709489;B
20240207;103111;199.020000000;20;9558709504;B
20240207;103111;199.020000000;40;9558709643;B
20240207;103112;199.020000000;40;9558709673;B
20240207;103113;199.020000000;2000;9558709905;B
20240207;103113;199.020000000;410;9558709906;B
20240207;103113;199.020000000;50;9558710011;B
20240207;103115;199.020000000;2500;9558710186;B
20240207;103115;199.020000000;10;9558710187;B
20240207;103115;199.020000000;630;9558710188;B
20240207;103115;199.020000000;130;9558710189;B
20240207;103115;199.020000000;30;9558710190;B
20240207;103115;199.020000000;300;9558710191;B
20240207;103118;199.060000000;20;9558710707;B
20240207;103121;199.060000000;50;9558711137;B
20240207;103123;199.060000000;50;9558711340;B
20240207;103126;199.060000000;1000;9558711853;B
20240207;103127;199.060000000;130;9558711960;B
20240207;103128;199.080000000;1250;9558712126;B
20240207;103128;199.100000000;500;9558712127;B
20240207;103128;199.120000000;90;9558712128;B
20240207;103130;199.120000000;1450;9558712364;B
20240207;103130;199.120000000;30;9558712365;B
20240207;103130;199.120000000;300;9558712366;B
20240207;103130;199.140000000;160;9558712367;B
20240207;103130;199.140000000;980;9558712368;B
20240207;103136;199.160000000;10;9558713087;B
20240207;103142;199.160000000;10;9558713891;B
20240207;103144;199.080000000;20;9558714189;S
20240207;103144;199.060000000;760;9558714190;S
20240207;103144;199.040000000;380;9558714191;S
20240207;103144;199.040000000;500;9558714192;S
20240207;103144;199.020000000;740;9558714193;S
20240207;103144;199.000000000;1820;9558714194;S
20240207;103144;198.980000000;850;9558714195;S
20240207;103144;198.980000000;70;9558714196;S
20240207;103144;198.960000000;10;9558714197;S
20240207;103144;198.960000000;50;9558714198;S
20240207;103144;198.960000000;20;9558714199;S
20240207;103144;198.960000000;10;9558714200;S
20240207;103144;198.960000000;10;9558714201;S
20240207;103144;198.960000000;1000;9558714202;S
20240207;103144;198.960000000;10;9558714203;S
20240207;103144;198.960000000;500;9558714204;S
20240207;103144;198.960000000;30;9558714205;S
20240207;103144;198.940000000;1150;9558714206;S
20240207;103144;198.940000000;10;9558714207;S
20240207;103144;198.940000000;50;9558714208;S
20240207;103144;198.940000000;50;9558714209;S
20240207;103144;198.940000000;10;9558714210;S
20240207;103144;198.940000000;10;9558714211;S
20240207;103144;198.940000000;500;9558714212;S
20240207;103144;198.920000000;10;9558714213;S
20240207;103144;198.920000000;20;9558714214;S
20240207;103144;198.920000000;30;9558714215;S
20240207;103144;198.920000000;500;9558714216;S
20240207;103144;198.900000000;20;9558714217;S
20240207;103144;198.900000000;10;9558714218;S
20240207;103144;198.900000000;50;9558714219;S
20240207;103144;198.900000000;20;9558714220;S
20240207;103144;198.900000000;50;9558714221;S
20240207;103144;198.900000000;790;9558714222;S
20240207;103144;198.900000000;500;9558714223;S
20240207;103144;198.900000000;10;9558714224;S
20240207;103144;198.900000000;10;9558714225;S
20240207;103144;198.900000000;20;9558714226;S
20240207;103144;198.880000000;20;9558714227;S
20240207;103144;198.880000000;10;9558714228;S
20240207;103144;198.880000000;30;9558714229;S
20240207;103144;198.880000000;10;9558714230;S
20240207;103144;198.880000000;1250;9558714231;S
20240207;103144;198.860000000;10;9558714232;S
20240207;103144;198.860000000;10;9558714233;S
20240207;103144;198.860000000;10;9558714234;S
20240207;103144;198.840000000;50;9558714235;S
20240207;103144;198.840000000;10;9558714236;S
20240207;103144;198.840000000;10;9558714237;S
20240207;103144;198.840000000;240;9558714238;S
20240207;103150;199.040000000;320;9558715009;S
20240207;103150;199.060000000;20;9558715010;B
20240207;103150;199.060000000;30;9558715048;B
20240207;103150;199.060000000;10;9558715070;B
20240207;103153;199.060000000;10;9558715440;B
20240207;103158;199.060000000;50;9558715962;S
20240207;103159;199.040000000;100;9558716061;S
20240207;103209;199.060000000;10;9558717106;B
20240207;103219;199.060000000;10;9558718127;B
20240207;103220;199.040000000;10;9558718260;S
20240207;103223;199.060000000;150;9558718631;S
20240207;103228;199.140000000;10;9558719284;B
20240207;103230;199.140000000;10;9558719516;B
20240207;103232;199.140000000;220;9558719676;B
20240207;103232;199.140000000;30;9558719677;B
20240207;103233;199.140000000;130;9558719839;B
20240207;103235;199.060000000;610;9558720005;S
20240207;103235;199.060000000;510;9558720006;S
20240207;103238;199.060000000;10;9558720172;B
20240207;103238;199.060000000;10;9558720201;B
20240207;103238;199.060000000;220;9558720227;B
20240207;103244;199.060000000;10;9558720900;B
20240207;103246;199.060000000;500;9558721199;B
20240207;103250;199.060000000;20;9558721490;B
20240207;103250;199.040000000;50;9558721493;S
20240207;103252;199.040000000;40;9558721939;S
20240207;103254;199.060000000;100;9558722169;B
20240207;103254;199.060000000;10;9558722196;B
20240207;103307;199.060000000;30;9558723948;B
20240207;103311;199.040000000;100;9558724427;S
20240207;103312;199.060000000;500;9558724450;B
20240207;103313;199.040000000;90;9558724608;S
20240207;103313;199.060000000;500;9558724619;B
20240207;103316;199.060000000;500;9558724857;B
20240207;103319;199.060000000;10;9558725307;B
20240207;103322;199.040000000;30;9558725649;S
20240207;103325;199.060000000;10000;9558725937;B
20240207;103330;199.040000000;10;9558726511;S
20240207;103333;199.060000000;10;9558726771;B
20240207;103334;199.040000000;1250;9558726799;S
20240207;103334;199.040000000;10;9558726800;S
20240207;103334;199.040000000;70;9558726801;S
20240207;103334;199.040000000;760;9558726802;S
20240207;103334;199.040000000;510;9558726803;S
20240207;103334;199.040000000;10;9558726804;S
20240207;103334;199.020000000;10;9558726805;S
20240207;103334;199.020000000;240;9558726806;S
20240207;103334;199.000000000;730;9558726807;S
20240207;103334;199.000000000;790;9558726808;S
20240207;103334;199.000000000;120;9558726809;S
20240207;103334;199.000000000;10;9558726810;S
20240207;103334;199.000000000;100;9558726811;S
20240207;103334;199.000000000;90;9558726812;S
20240207;103340;199.020000000;10;9558727588;B
20240207;103340;199.000000000;860;9558727590;S
20240207;103340;199.000000000;40;9558727591;S
20240207;103342;198.960000000;10;9558727740;S
20240207;103342;198.960000000;50;9558727741;S
20240207;103342;198.940000000;10;9558727762;S
20240207;103343;198.940000000;500;9558727847;S
20240207;103343;198.940000000;400;9558727848;S
20240207;103345;198.960000000;10;9558728184;B
20240207;103348;198.960000000;10;9558728603;B
20240207;103350;198.960000000;10;9558729084;B
20240207;103353;198.960000000;10;9558729565;B
20240207;103400;198.960000000;300;9558730538;B
20240207;103400;198.960000000;1250;9558730539;B
20240207;103400;198.960000000;240;9558730540;B
20240207;103400;199.000000000;490;9558730541;B
20240207;103400;199.000000000;50;9558730542;B
20240207;103400;199.000000000;110;9558730543;B
20240207;103400;199.020000000;1820;9558730544;B
20240207;103400;199.040000000;10;9558730545;B
20240207;103400;199.040000000;180;9558730546;B
20240207;103400;199.040000000;2600;9558730547;B
20240207;103400;199.040000000;500;9558730548;B
20240207;103400;199.060000000;2450;9558730549;B
20240207;103401;199.040000000;30;9558730663;B
20240207;103406;198.960000000;10;9558731302;S
20240207;103406;198.960000000;240;9558731303;S
20240207;103406;198.940000000;30;9558731304;S
20240207;103406;198.940000000;1820;9558731305;S
20240207;103406;198.920000000;1220;9558731306;S
20240207;103406;198.900000000;250;9558731307;S
20240207;103406;198.900000000;1000;9558731308;S
20240207;103406;198.900000000;50;9558731309;S
20240207;103406;198.900000000;30;9558731310;S
20240207;103406;198.900000000;30;9558731311;S
20240207;103406;198.900000000;10;9558731312;S
20240207;103406;198.880000000;620;9558731313;S
20240207;103406;198.880000000;500;9558731314;S
20240207;103406;198.860000000;10;9558731315;S
20240207;103406;198.860000000;20;9558731316;S
20240207;103406;198.860000000;1820;9558731317;S
20240207;103406;198.840000000;10;9558731318;S
20240207;103406;198.840000000;10;9558731319;S
20240207;103406;198.840000000;10;9558731320;S
20240207;103406;198.840000000;50;9558731321;S
20240207;103406;198.840000000;1500;9558731322;S
20240207;103406;198.840000000;180;9558731323;S
20240207;103406;198.840000000;30;9558731324;S
20240207;103406;198.820000000;10;9558731325;S
20240207;103406;198.820000000;10;9558731326;S
20240207;103406;198.820000000;4810;9558731327;S
20240207;103406;198.820000000;190;9558731329;S
20240207;103407;198.960000000;180;9558731361;B
20240207;103407;198.960000000;20;9558731362;B
20240207;103410;198.940000000;10;9558731869;B
20240207;103421;198.960000000;20;9558733143;B
20240207;103421;198.960000000;10;9558733240;B
20240207;103430;198.900000000;10;9558734460;S
20240207;103430;198.880000000;30;9558734461;S
20240207;103431;198.920000000;10;9558734529;B
20240207;103441;198.880000000;50;9558735470;S
20240207;103441;198.860000000;180;9558735471;S
20240207;103441;198.840000000;90;9558735472;S
20240207;103443;198.920000000;10;9558735716;S
20240207;103445;198.920000000;10;9558735921;B
20240207;103446;198.840000000;80;9558736119;S
20240207;103448;198.880000000;10;9558736367;B
20240207;103449;198.880000000;50;9558736506;B
20240207;103449;198.840000000;30;9558736610;S
20240207;103449;198.840000000;20;9558736611;S
20240207;103449;198.820000000;50;9558736612;S
20240207;103449;198.820000000;30;9558736613;S
20240207;103449;198.820000000;10;9558736614;S
20240207;103449;198.820000000;10;9558736615;S
20240207;103452;198.880000000;10;9558736854;B
20240207;103458;198.880000000;10;9558737767;B
20240207;103458;198.820000000;20;9558737786;S
20240207;103458;198.820000000;70;9558737787;S
20240207;103458;198.820000000;850;9558737788;S
20240207;103458;198.820000000;20;9558737789;S
20240207;103458;198.820000000;170;9558737790;S
20240207;103458;198.800000000;70;9558737791;S
20240207;103458;198.800000000;50;9558737792;S
20240207;103458;198.800000000;1000;9558737793;S
20240207;103458;198.800000000;200;9558737794;S
20240207;103458;198.800000000;10;9558737795;S
20240207;103458;198.800000000;10;9558737796;S
20240207;103458;198.800000000;10;9558737797;S
20240207;103458;198.800000000;150;9558737798;S
20240207;103458;198.800000000;30;9558737799;S
20240207;103458;198.800000000;500;9558737800;S
20240207;103458;198.800000000;20;9558737801;S
20240207;103458;198.800000000;10;9558737802;S
20240207;103458;198.800000000;1020;9558737803;S
20240207;103458;198.800000000;500;9558737804;S
20240207;103458;198.800000000;1000;9558737805;S
20240207;103500;198.800000000;10;9558737910;B
20240207;103501;198.800000000;100;9558738115;B
20240207;103502;198.780000000;10;9558738187;S
20240207;103502;198.780000000;20;9558738199;S
20240207;103506;198.780000000;20;9558738576;S
20240207;103510;198.800000000;50;9558739077;B
20240207;103513;198.780000000;50;9558739320;S
20240207;103517;198.800000000;90;9558740004;B
20240207;103521;198.780000000;100;9558740611;S
20240207;103522;198.780000000;90;9558740732;S
20240207;103524;198.800000000;10;9558741084;B
20240207;103526;198.780000000;500;9558741221;S
20240207;103528;198.780000000;50;9558741470;S
20240207;103533;198.800000000;10;9558741840;B
20240207;103537;198.800000000;800;9558742163;B
20240207;103537;198.780000000;40;9558742191;S
20240207;103542;198.800000000;70;9558742565;B
20240207;103548;198.800000000;10;9558743233;B
20240207;103549;198.780000000;120;9558743326;S
20240207;103549;198.780000000;10;9558743327;S
20240207;103549;198.780000000;170;9558743328;S
20240207;103549;198.780000000;10;9558743329;S
20240207;103549;198.780000000;30;9558743330;S
20240207;103549;198.780000000;50;9558743331;S
20240207;103549;198.780000000;10;9558743332;S
20240207;103549;198.760000000;10;9558743333;S
20240207;103549;198.760000000;590;9558743334;S
20240207;103603;198.800000000;10;9558744723;B
20240207;103620;198.780000000;10;9558746755;B
20240207;103625;198.780000000;100;9558747453;B
20240207;103629;198.780000000;90;9558748039;B
20240207;103629;198.800000000;1410;9558748040;B
20240207;103630;198.800000000;10;9558748162;B
20240207;103644;198.800000000;520;9558749836;B
20240207;103644;198.800000000;10;9558749850;B
20240207;103645;198.780000000;10;9558749959;S
20240207;103645;198.780000000;90;9558749960;S
20240207;103648;198.800000000;10;9558750205;B
20240207;103651;198.800000000;10;9558750420;B
20240207;103651;198.780000000;240;9558750437;S
20240207;103657;198.800000000;520;9558750893;B
20240207;103710;198.780000000;10;9558751907;S
20240207;103714;198.800000000;130;9558752298;B
20240207;103718;198.800000000;10;9558752734;B
20240207;103724;198.780000000;10;9558753815;S
20240207;103734;198.800000000;10;9558754920;B
20240207;103735;198.800000000;30;9558755000;B
20240207;103736;198.800000000;20;9558755078;B
20240207;103736;198.800000000;10;9558755080;B
20240207;103739;198.800000000;520;9558755436;B
20240207;103739;198.800000000;420;9558755437;B
20240207;103739;198.800000000;920;9558755438;B
20240207;103739;198.800000000;420;9558755439;B
20240207;103739;198.800000000;1080;9558755440;B
20240207;103739;198.800000000;30;9558755441;B
20240207;103739;198.800000000;190;9558755442;B
20240207;103739;198.880000000;300;9558755495;B
20240207;103740;198.880000000;220;9558755598;S
20240207;103740;198.860000000;20;9558755599;S
20240207;103740;198.840000000;510;9558755600;S
20240207;103740;198.820000000;500;9558755601;S
20240207;103740;198.800000000;310;9558755602;S
20240207;103740;198.800000000;510;9558755603;B
20240207;103745;198.780000000;10;9558756189;S
20240207;103745;198.780000000;50;9558756190;S
20240207;103745;198.780000000;40;9558756191;S
20240207;103749;198.800000000;10;9558756500;B
20240207;103750;198.760000000;10;9558756630;S
20240207;103753;198.800000000;190;9558756946;B
20240207;103756;198.800000000;730;9558757320;B
20240207;103802;198.880000000;10;9558757830;B
20240207;103803;198.840000000;110;9558757908;S
20240207;103805;198.880000000;130;9558758243;B
20240207;103814;198.940000000;60;9558759186;B
20240207;103814;198.960000000;70;9558759187;B
20240207;103814;198.840000000;20;9558759216;S
20240207;103814;198.840000000;160;9558759217;S
20240207;103814;198.820000000;120;9558759218;S
20240207;103816;198.820000000;10;9558759380;S
20240207;103824;198.880000000;20;9558760911;B
20240207;103825;198.880000000;130;9558761000;B
20240207;103827;198.880000000;20;9558761763;B
20240207;103834;198.880000000;10;9558762584;B
20240207;103843;198.880000000;100;9558763563;B
20240207;103849;198.880000000;10;9558764018;B
20240207;103853;198.860000000;20;9558764424;S
20240207;103853;198.860000000;60;9558764425;S
20240207;103854;198.880000000;10;9558764476;B
20240207;103854;198.880000000;200;9558764478;B
20240207;103858;198.860000000;190;9558764935;S
20240207;103858;198.860000000;20;9558764936;S
20240207;103858;198.860000000;10;9558764937;S
20240207;103858;198.840000000;160;9558764938;S
20240207;103858;198.820000000;260;9558764939;S
20240207;103858;198.800000000;20;9558764940;S
20240207;103858;198.800000000;100;9558764941;S
20240207;103858;198.800000000;130;9558764942;S
20240207;103858;198.800000000;160;9558764943;S
20240207;103858;198.800000000;10;9558764944;S
20240207;103858;198.780000000;80;9558764945;S
20240207;103858;198.780000000;510;9558764946;S
20240207;103859;198.780000000;130;9558765038;B
20240207;103905;198.780000000;130;9558765521;B
20240207;103907;198.760000000;10;9558765872;S
20240207;103907;198.760000000;10;9558765873;S
20240207;103909;198.780000000;50;9558766021;B
20240207;103909;198.780000000;50;9558766022;B
20240207;103909;198.780000000;10;9558766037;B
20240207;103911;198.760000000;10;9558766194;S
20240207;103924;198.780000000;30;9558767563;B
20240207;103926;198.780000000;10;9558767781;B
20240207;103928;198.760000000;150;9558767916;S
20240207;103928;198.780000000;20;9558767982;B
20240207;103940;198.760000000;10;9558769194;S
20240207;103942;198.780000000;100;9558769369;B
20240207;103948;198.780000000;30;9558769966;B
20240207;103949;198.780000000;20;9558770077;B
20240207;103950;198.780000000;1630;9558770177;B
20240207;103951;198.780000000;100;9558770229;B
20240207;103951;198.780000000;70;9558770237;B
20240207;103957;198.780000000;200;9558770867;B
20240207;104006;198.780000000;10;9558771691;B
20240207;104013;198.760000000;420;9558772417;S
20240207;104013;198.760000000;30;9558772418;S
20240207;104013;198.760000000;550;9558772419;S
20240207;104016;198.760000000;180;9558772769;S
20240207;104019;198.780000000;100;9558773073;B
20240207;104024;198.760000000;20;9558773698;S
20240207;104026;198.780000000;10;9558773924;B
20240207;104030;198.760000000;30;9558774285;S
20240207;104032;198.780000000;100;9558774415;B
20240207;104038;198.780000000;100;9558775025;B
20240207;104046;198.780000000;40;9558776350;B
20240207;104101;198.780000000;30;9558777830;B
20240207;104102;198.780000000;200;9558778079;B
20240207;104109;198.780000000;450;9558778755;B
20240207;104114;198.780000000;10;9558779238;B
20240207;104121;198.780000000;60;9558779802;B
20240207;104124;198.780000000;10;9558780200;B
20240207;104126;198.780000000;10;9558780409;B
20240207;104134;198.780000000;500;9558781244;B
20240207;104136;198.760000000;1220;9558781461;S
20240207;104136;198.760000000;220;9558781462;S
20240207;104136;198.760000000;10;9558781463;S
20240207;104136;198.760000000;10;9558781464;S
20240207;104136;198.760000000;1000;9558781465;S
20240207;104137;198.760000000;30;9558781537;S
20240207;104139;198.760000000;70;9558781696;S
20240207;104139;198.760000000;150;9558781697;S
20240207;104139;198.760000000;60;9558781698;S
20240207;104141;198.740000000;30;9558781906;S
20240207;104141;198.740000000;10;9558781907;S
20240207;104141;198.740000000;30;9558781908;S
20240207;104141;198.740000000;30;9558781909;S
20240207;104141;198.740000000;30;9558781910;S
20240207;104141;198.740000000;50;9558781911;S
20240207;104141;198.740000000;10;9558781912;S
20240207;104141;198.740000000;10;9558781913;S
20240207;104142;198.720000000;50;9558782029;S
20240207;104142;198.720000000;50;9558782030;S
20240207;104142;198.720000000;10;9558782031;S
20240207;104142;198.720000000;20;9558782032;S
20240207;104142;198.720000000;10;9558782033;S
20240207;104142;198.720000000;20;9558782034;S
20240207;104142;198.720000000;20;9558782035;S
20240207;104142;198.720000000;20;9558782036;S
20240207;104142;198.720000000;50;9558782037;S
20240207;104142;198.720000000;280;9558782067;S
20240207;104143;198.740000000;20;9558782158;B
20240207;104145;198.740000000;20;9558782326;B
20240207;104145;198.740000000;210;9558782387;B
20240207;104146;198.760000000;510;9558782457;B
20240207;104150;198.760000000;40;9558782870;B
20240207;104153;198.760000000;40;9558783451;B
20240207;104155;198.760000000;2000;9558783759;B
20240207;104157;198.740000000;20;9558784072;S
20240207;104201;198.740000000;490;9558784498;S
20240207;104201;198.740000000;170;9558784499;S
20240207;104201;198.740000000;190;9558784500;S
20240207;104201;198.740000000;10;9558784501;S
20240207;104201;198.720000000;2670;9558784502;S
20240207;104201;198.720000000;30;9558784503;S
20240207;104201;198.720000000;50;9558784504;S
20240207;104201;198.700000000;10;9558784505;S
20240207;104201;198.700000000;50;9558784506;S
20240207;104201;198.700000000;30;9558784507;S
20240207;104201;198.700000000;980;9558784508;S
20240207;104201;198.700000000;50;9558784509;S
20240207;104201;198.700000000;250;9558784510;S
20240207;104201;198.700000000;30;9558784511;S
20240207;104201;198.700000000;30;9558784512;S
20240207;104201;198.700000000;10;9558784513;S
20240207;104201;198.700000000;10;9558784514;S
20240207;104201;198.700000000;10;9558784515;S
20240207;104201;198.700000000;50;9558784516;S
20240207;104201;198.700000000;1000;9558784517;S
20240207;104201;198.700000000;10;9558784518;S
20240207;104201;198.700000000;10;9558784519;S
20240207;104201;198.700000000;10;9558784520;S
20240207;104201;198.700000000;10;9558784521;S
20240207;104201;198.680000000;10;9558784522;S
20240207;104201;198.680000000;20;9558784553;S
20240207;104201;198.680000000;10;9558784554;S
20240207;104201;198.680000000;50;9558784555;S
20240207;104201;198.680000000;10;9558784556;S
20240207;104201;198.680000000;20;9558784557;S
20240207;104201;198.660000000;20;9558784558;S
20240207;104201;198.660000000;10;9558784559;S
20240207;104201;198.660000000;10;9558784560;S
20240207;104201;198.640000000;10;9558784561;S
20240207;104201;198.640000000;10;9558784562;S
20240207;104201;198.640000000;10;9558784563;S
20240207;104201;198.640000000;10;9558784564;S
20240207;104201;198.640000000;10;9558784565;S
20240207;104201;198.640000000;100;9558784566;S
20240207;104201;198.640000000;20;9558784567;S
20240207;104202;198.700000000;20;9558784627;B
20240207;104207;198.680000000;10;9558785220;B
20240207;104207;198.680000000;10;9558785265;B
20240207;104211;198.660000000;30;9558785675;S
20240207;104220;198.740000000;20;9558786785;B
20240207;104222;198.660000000;30;9558786916;S
20240207;104222;198.660000000;10;9558786917;S
20240207;104222;198.660000000;20;9558786918;S
20240207;104222;198.660000000;10;9558786919;S
20240207;104222;198.660000000;10;9558786923;B
20240207;104223;198.660000000;10;9558787025;B
20240207;104223;198.660000000;30;9558787033;B
20240207;104225;198.640000000;30;9558787121;S
20240207;104225;198.640000000;510;9558787122;S
20240207;104225;198.640000000;10;9558787123;S
20240207;104225;198.640000000;20;9558787124;S
20240207;104225;198.640000000;220;9558787125;S
20240207;104225;198.640000000;170;9558787126;S
20240207;104225;198.620000000;50;9558787127;S
20240207;104225;198.620000000;10;9558787128;S
20240207;104225;198.620000000;30;9558787129;S
20240207;104225;198.620000000;30;9558787130;S
20240207;104225;198.620000000;30;9558787131;S
20240207;104225;198.620000000;30;9558787132;S
20240207;104225;198.620000000;30;9558787133;S
20240207;104225;198.620000000;50;9558787134;S
20240207;104225;198.620000000;30;9558787135;S
20240207;104225;198.620000000;180;9558787136;S
20240207;104225;198.620000000;10;9558787137;S
20240207;104225;198.620000000;20;9558787138;S
20240207;104225;198.600000000;100;9558787139;S
20240207;104225;198.600000000;150;9558787140;S
20240207;104225;198.600000000;50;9558787141;S
20240207;104225;198.600000000;10;9558787142;S
20240207;104225;198.600000000;100;9558787143;S
20240207;104225;198.600000000;10;9558787144;S
20240207;104225;198.600000000;30;9558787145;S
20240207;104225;198.600000000;10;9558787146;S
20240207;104225;198.600000000;230;9558787147;S
20240207;104225;198.600000000;10;9558787148;S
20240207;104225;198.600000000;10;9558787149;S
20240207;104225;198.600000000;10;9558787150;S
20240207;104225;198.600000000;20;9558787151;S
20240207;104225;198.600000000;60;9558787152;S
20240207;104225;198.600000000;100;9558787153;S
20240207;104225;198.600000000;20;9558787154;S
20240207;104225;198.580000000;300;9558787155;S
20240207;104225;198.580000000;320;9558787156;S
20240207;104225;198.600000000;510;9558787267;S
20240207;104225;198.580000000;50;9558787276;S
20240207;104225;198.580000000;130;9558787277;S
20240207;104225;198.600000000;10;9558787297;B
20240207;104226;198.600000000;300;9558787326;B
20240207;104227;198.580000000;10;9558787398;S
20240207;104229;198.580000000;500;9558787670;S
20240207;104231;198.580000000;10;9558788062;S
20240207;104235;198.580000000;60;9558788377;S
20240207;104239;198.600000000;500;9558788897;B
20240207;104239;198.600000000;1000;9558788908;B
20240207;104254;198.600000000;200;9558790496;B
20240207;104256;198.600000000;40;9558790686;B
20240207;104256;198.600000000;10;9558790687;B
20240207;104301;198.600000000;10;9558791306;B
20240207;104302;198.600000000;10;9558791439;B
20240207;104305;198.580000000;50;9558791864;S
20240207;104306;198.600000000;10;9558792064;B
20240207;104307;198.600000000;10;9558792105;B
20240207;104307;198.600000000;490;9558792106;B
20240207;104312;198.580000000;380;9558792721;S
20240207;104313;198.580000000;50;9558792797;S
20240207;104315;198.600000000;70;9558792971;B
20240207;104318;198.580000000;340;9558793320;S
20240207;104318;198.580000000;10;9558793321;S
20240207;104318;198.580000000;50;9558793322;S
20240207;104318;198.580000000;10;9558793323;S
20240207;104318;198.580000000;10;9558793324;S
20240207;104318;198.580000000;10;9558793325;S
20240207;104318;198.580000000;10;9558793326;S
20240207;104318;198.580000000;10;9558793327;S
20240207;104318;198.580000000;20;9558793328;S
20240207;104318;198.580000000;10;9558793329;S
20240207;104318;198.580000000;50;9558793330;S
20240207;104318;198.580000000;10;9558793331;S
20240207;104318;198.580000000;2360;9558793332;S
20240207;104322;198.600000000;220;9558793725;B
20240207;104324;198.580000000;1050;9558793935;S
20240207;104327;198.600000000;800;9558794218;B
20240207;104329;198.600000000;100;9558794406;B
20240207;104331;198.600000000;110;9558794689;B
20240207;104333;198.600000000;10;9558794841;B
20240207;104333;198.580000000;100;9558794845;S
20240207;104345;198.600000000;100;9558795861;B
20240207;104346;198.600000000;10;9558795947;B
20240207;104346;198.580000000;750;9558795971;S
20240207;104347;198.600000000;1000;9558796055;B
20240207;104350;198.600000000;10;9558796332;B
20240207;104351;198.600000000;10;9558796385;B
20240207;104351;198.580000000;1000;9558796454;S
20240207;104351;198.600000000;10;9558796455;B
20240207;104353;198.600000000;60;9558796600;B
20240207;104353;198.600000000;100;9558796601;B
20240207;104353;198.600000000;20;9558796602;B
20240207;104354;198.600000000;180;9558796816;B
20240207;104354;198.600000000;120;9558796817;B
20240207;104355;198.620000000;200;9558797006;S
20240207;104355;198.660000000;30;9558797041;B
20240207;104355;198.620000000;10;9558797118;S
20240207;104355;198.600000000;1990;9558797119;S
20240207;104356;198.600000000;20;9558797193;S
20240207;104358;198.660000000;40;9558797335;B
20240207;104358;198.700000000;10;9558797336;B
20240207;104410;198.680000000;10;9558798568;B
20240207;104410;198.720000000;40;9558798569;B
20240207;104421;198.640000000;10;9558799744;S
20240207;104421;198.640000000;10;9558799745;S
20240207;104421;198.740000000;130;9558799781;B
20240207;104422;198.740000000;50;9558799912;S
20240207;104422;198.760000000;20;9558799937;B
20240207;104423;198.760000000;30;9558799976;B
20240207;104424;198.760000000;50;9558800181;B
20240207;104424;198.760000000;200;9558800182;B
20240207;104426;198.780000000;10;9558800434;B
20240207;104429;198.700000000;10;9558800684;S
20240207;104432;198.780000000;300;9558800860;B
20240207;104432;198.780000000;1140;9558800861;B
20240207;104432;198.840000000;20;9558800911;B
20240207;104433;198.880000000;300;9558801016;B
20240207;104433;198.880000000;220;9558801017;B
20240207;104433;198.880000000;40;9558801018;B
20240207;104433;198.900000000;30;9558801019;B
20240207;104433;198.900000000;100;9558801020;B
20240207;104433;198.900000000;310;9558801021;B
20240207;104435;198.920000000;20;9558801156;B
20240207;104435;198.940000000;30;9558801157;B
20240207;104459;198.820000000;20;9558803521;S
20240207;104459;198.800000000;30;9558803522;S
20240207;104503;198.820000000;10;9558803902;S
20240207;104503;198.800000000;10;9558803903;S
20240207;104505;198.800000000;10;9558804048;S
20240207;104517;198.800000000;10;9558804945;B
20240207;104525;198.800000000;30;9558805757;B
20240207;104530;198.800000000;450;9558806176;B
20240207;104533;198.800000000;510;9558806419;S
20240207;104536;198.800000000;40;9558806645;S
20240207;104536;198.760000000;10;9558806646;S
20240207;104536;198.760000000;190;9558806647;S
20240207;104536;198.760000000;260;9558806648;S
20240207;104555;198.780000000;50;9558808595;S
20240207;104555;198.780000000;210;9558808596;S
20240207;104555;198.760000000;240;9558808597;S
20240207;104558;198.760000000;150;9558808871;S
20240207;104602;198.760000000;110;9558809147;S
20240207;104602;198.760000000;40;9558809148;S
20240207;104611;198.760000000;30;9558810259;S
20240207;104611;198.740000000;20;9558810260;S
20240207;104613;198.840000000;10;9558810391;B
20240207;104619;198.760000000;10;9558810877;S
20240207;104621;198.740000000;180;9558811053;S
20240207;104621;198.740000000;10;9558811054;S
20240207;104621;198.740000000;50;9558811055;S
20240207;104621;198.740000000;340;9558811056;S
20240207;104621;198.720000000;100;9558811057;S
20240207;104621;198.720000000;320;9558811058;S
20240207;104633;198.760000000;60;9558812731;S
20240207;104634;198.740000000;180;9558812781;S
20240207;104634;198.740000000;30;9558812782;S
20240207;104634;198.740000000;130;9558812783;S
20240207;104634;198.720000000;250;9558812784;S
20240207;104634;198.700000000;50;9558812785;S
20240207;104634;198.700000000;200;9558812786;S
20240207;104634;198.700000000;160;9558812787;S
20240207;104645;198.720000000;250;9558814009;B
20240207;104645;198.700000000;60;9558814015;S
20240207;104649;198.700000000;10;9558814372;B
20240207;104649;198.720000000;200;9558814380;B
20240207;104653;198.720000000;10;9558814891;B
20240207;104657;198.700000000;20;9558815426;S
20240207;104657;198.680000000;50;9558815427;S
20240207;104657;198.680000000;10;9558815428;S
20240207;104706;198.680000000;40;9558816426;S
20240207;104706;198.680000000;1250;9558816427;S
20240207;104707;198.680000000;1500;9558816444;B
20240207;104707;198.660000000;10;9558816620;S
20240207;104707;198.660000000;180;9558816621;S
20240207;104707;198.660000000;50;9558816622;S
20240207;104707;198.660000000;20;9558816623;S
20240207;104707;198.660000000;10;9558816624;S
20240207;104707;198.660000000;20;9558816625;S
20240207;104707;198.640000000;1500;9558816626;S
20240207;104707;198.640000000;210;9558816627;S
20240207;104708;198.660000000;20;9558816667;B
20240207;104709;198.680000000;10;9558816930;B
20240207;104725;198.660000000;10;9558818369;B
20240207;104726;198.640000000;50;9558818494;S
20240207;104727;198.660000000;250;9558818587;B
20240207;104728;198.660000000;10;9558818709;S
20240207;104728;198.660000000;50;9558818710;S
20240207;104728;198.680000000;10;9558818718;B
20240207;104728;198.680000000;500;9558818721;B
20240207;104729;198.660000000;100;9558818800;S
20240207;104730;198.680000000;5000;9558818873;B
20240207;104730;198.680000000;120;9558818874;B
20240207;104730;198.680000000;1570;9558818875;B
20240207;104739;198.720000000;50;9558819727;B
20240207;104739;198.700000000;20;9558819775;S
20240207;104740;198.720000000;50;9558819805;B
20240207;104749;198.720000000;10;9558821063;B
20240207;104804;198.700000000;10;9558822521;S
20240207;104806;198.720000000;10;9558822874;B
20240207;104812;198.720000000;10;9558823521;B
20240207;104822;198.720000000;410;9558824367;B
20240207;104822;198.720000000;90;9558824368;B
20240207;104823;198.720000000;10;9558824468;B
20240207;104824;198.700000000;10;9558824590;S
20240207;104827;198.720000000;160;9558824937;B
20240207;104831;198.720000000;140;9558825306;B
20240207;104835;198.700000000;10;9558825727;S
20240207;104840;198.720000000;160;9558826203;B
20240207;104840;198.740000000;140;9558826204;B
20240207;104846;198.720000000;40;9558826975;S
20240207;104846;198.740000000;10;9558826976;B
20240207;104848;198.720000000;10;9558827140;S
20240207;104848;198.740000000;100;9558827141;B
20240207;104848;198.740000000;150;9558827143;B
20240207;104854;198.800000000;50;9558827742;B
20240207;104915;198.800000000;50;9558830022;B
20240207;104915;198.820000000;10;9558830023;B
20240207;104915;198.840000000;1000;9558830024;B
20240207;104915;198.840000000;210;9558830025;B
20240207;104915;198.880000000;30;9558830026;B
20240207;104915;198.880000000;900;9558830027;B
20240207;104919;198.780000000;10;9558830397;S
20240207;104922;198.800000000;300;9558830699;B
20240207;104926;198.800000000;400;9558830963;B
20240207;104927;198.780000000;10;9558831145;S
20240207;104929;198.800000000;70;9558831270;B
20240207;104943;198.800000000;10;9558832872;B
20240207;104947;198.800000000;10;9558833351;B
20240207;104950;198.800000000;10;9558833652;B
20240207;104952;198.800000000;20;9558833883;B
20240207;104957;198.800000000;10;9558834378;B
20240207;105007;198.800000000;140;9558837024;B
20240207;105015;198.800000000;500;9558838316;B
20240207;105016;198.780000000;10;9558838398;S
20240207;105016;198.780000000;490;9558838399;S
20240207;105016;198.800000000;70;9558838458;B
20240207;105017;198.800000000;2000;9558838630;B
20240207;105018;198.800000000;600;9558838713;B
20240207;105018;198.800000000;220;9558838714;B
20240207;105018;198.800000000;1330;9558838715;B
20240207;105018;198.800000000;140;9558838760;B
20240207;105018;198.800000000;80;9558838761;B
20240207;105019;198.800000000;220;9558838906;B
20240207;105027;198.780000000;110;9558839847;S
20240207;105027;198.780000000;100;9558839848;S
20240207;105027;198.780000000;10;9558839849;S
20240207;105027;198.780000000;2180;9558839850;S
20240207;105027;198.800000000;10;9558839879;B
20240207;105027;198.800000000;10;9558839880;B
20240207;105028;198.780000000;20;9558839987;S
20240207;105032;198.800000000;10;9558840297;B
20240207;105038;198.800000000;2980;9558841242;B
20240207;105038;198.800000000;500;9558841243;B
20240207;105044;198.900000000;10;9558841855;B
20240207;105054;198.820000000;300;9558843194;S
20240207;105054;198.840000000;300;9558843264;S
20240207;105059;198.820000000;10;9558843743;S
20240207;105110;198.900000000;10;9558845410;B
20240207;105117;198.900000000;10;9558846276;B
20240207;105122;198.840000000;50;9558846717;S
20240207;105122;198.840000000;60;9558846718;S
20240207;105132;198.860000000;20;9558847794;B
20240207;105132;198.860000000;810;9558847887;B
20240207;105132;198.880000000;760;9558847888;B
20240207;105132;198.880000000;220;9558847889;B
20240207;105132;198.900000000;970;9558847890;B
20240207;105132;198.900000000;300;9558847891;B
20240207;105132;198.920000000;10;9558847892;B
20240207;105132;198.920000000;1000;9558847893;B
20240207;105132;198.940000000;50;9558847894;B
20240207;105135;198.920000000;120;9558848358;B
20240207;105139;198.920000000;80;9558848631;B
20240207;105140;198.840000000;60;9558848689;S
20240207;105143;198.920000000;560;9558849037;B
20240207;105143;198.920000000;510;9558849038;B
20240207;105143;198.940000000;450;9558849039;B
20240207;105143;198.940000000;50;9558849040;B
20240207;105143;198.940000000;400;9558849041;B
20240207;105143;198.940000000;220;9558849042;B
20240207;105143;198.960000000;10;9558849043;B
20240207;105143;198.960000000;30;9558849044;B
20240207;105143;198.960000000;920;9558849045;B
20240207;105143;198.980000000;1790;9558849046;B
20240207;105143;198.980000000;1250;9558849047;B
20240207;105143;198.980000000;500;9558849048;B
20240207;105143;198.980000000;300;9558849049;B
20240207;105143;199.000000000;50;9558849050;B
20240207;105143;199.000000000;2960;9558849051;B
20240207;105152;198.920000000;100;9558850021;S
20240207;105201;198.980000000;30;9558851350;B
20240207;105201;198.980000000;480;9558851363;B
20240207;105201;199.000000000;520;9558851364;B
20240207;105207;198.980000000;760;9558852043;B
20240207;105207;198.980000000;240;9558852044;B
20240207;105208;198.980000000;30;9558852138;B
20240207;105210;199.000000000;20;9558852272;B
20240207;105218;199.000000000;1500;9558853390;B
20240207;105218;199.000000000;50;9558853391;B
20240207;105218;199.000000000;450;9558853392;B
20240207;105218;199.000000000;50;9558853404;B
20240207;105218;199.000000000;20;9558853405;B
20240207;105218;199.000000000;10;9558853406;B
20240207;105218;199.000000000;30;9558853407;B
20240207;105218;199.000000000;50;9558853408;B
20240207;105218;199.020000000;250;9558853409;B
20240207;105218;199.020000000;10;9558853410;B
20240207;105218;199.040000000;10;9558853411;B
20240207;105218;199.040000000;210;9558853412;B
20240207;105218;199.060000000;10;9558853413;B
20240207;105218;199.060000000;350;9558853414;B
20240207;105219;199.060000000;500;9558853448;B
20240207;105221;199.080000000;30;9558853645;B
20240207;105221;199.080000000;10;9558853646;B
20240207;105221;199.080000000;30;9558853647;B
20240207;105221;199.080000000;100;9558853648;B
20240207;105221;199.080000000;200;9558853649;B
20240207;105221;199.100000000;10;9558853650;B
20240207;105221;199.100000000;10;9558853651;B
20240207;105221;199.100000000;130;9558853652;B
20240207;105237;199.020000000;10;9558855280;S
20240207;105237;199.000000000;60;9558855281;S
20240207;105239;199.080000000;10;9558855506;B
20240207;105244;199.080000000;30;9558856221;B
20240207;105249;199.080000000;100;9558856650;B
20240207;105255;199.080000000;10;9558857165;B
20240207;105317;199.040000000;100;9558859295;B
20240207;105317;199.040000000;200;9558859296;B
20240207;105317;199.060000000;200;9558859297;B
20240207;105320;199.000000000;70;9558859672;S
20240207;105320;199.000000000;10;9558859673;S
20240207;105320;199.000000000;10;9558859674;S
20240207;105320;199.000000000;110;9558859675;S
20240207;105320;198.980000000;20;9558859676;S
20240207;105320;198.980000000;510;9558859677;S
20240207;105330;199.040000000;10;9558860613;B
20240207;105332;199.040000000;10;9558860863;B
20240207;105341;199.000000000;10;9558862031;B
20240207;105342;199.000000000;10;9558862275;B
20240207;105345;199.020000000;10;9558862604;B
20240207;105348;199.000000000;10;9558862919;S
20240207;105358;198.980000000;50;9558864038;S
20240207;105410;199.000000000;10;9558865643;S
20240207;105417;199.000000000;20;9558866365;B
20240207;105417;198.980000000;940;9558866366;S
20240207;105417;198.980000000;20;9558866367;S
20240207;105422;199.000000000;20;9558867065;B
20240207;105422;199.000000000;200;9558867066;B
20240207;105422;199.000000000;50;9558867067;B
20240207;105422;199.000000000;230;9558867071;S
20240207;105424;198.980000000;20;9558867413;S
20240207;105427;198.960000000;10;9558867818;S
20240207;105427;198.900000000;10;9558867819;S
20240207;105427;198.900000000;10;9558867820;S
20240207;105427;198.900000000;30;9558867861;S
20240207;105428;198.900000000;30;9558867962;S
20240207;105428;198.900000000;10;9558867963;S
20240207;105428;198.900000000;20;9558867964;S
20240207;105428;198.900000000;30;9558867983;S
20240207;105428;198.940000000;10;9558868053;B
20240207;105429;198.900000000;30;9558868129;S
20240207;105429;198.900000000;30;9558868157;S
20240207;105429;198.900000000;30;9558868368;S
20240207;105430;198.900000000;30;9558868462;S
20240207;105430;198.900000000;30;9558868496;S
20240207;105430;198.900000000;30;9558868593;S
20240207;105432;198.900000000;30;9558868793;S
20240207;105432;198.900000000;30;9558868836;S
20240207;105435;198.960000000;40;9558869296;B
20240207;105441;198.960000000;200;9558870154;B
20240207;105441;198.980000000;760;9558870155;B
20240207;105441;198.980000000;40;9558870156;B
20240207;105449;199.000000000;10;9558871744;B
20240207;105510;198.980000000;90;9558874517;B
20240207;105512;198.960000000;10;9558874801;S
20240207;105512;198.960000000;20;9558874802;S
20240207;105512;198.960000000;10;9558874803;S
20240207;105512;198.940000000;10;9558874804;S
20240207;105528;198.940000000;20;9558877213;S
20240207;105528;198.920000000;110;9558877214;S
20240207;105539;198.900000000;160;9558878403;S
20240207;105539;198.900000000;70;9558878404;S
20240207;105539;198.900000000;360;9558878405;S
20240207;105539;198.880000000;10;9558878406;S
20240207;105539;198.880000000;70;9558878407;S
20240207;105539;198.880000000;190;9558878408;S
20240207;105539;198.860000000;180;9558878409;S
20240207;105539;198.820000000;10;9558878410;S
20240207;105539;198.820000000;1820;9558878411;S
20240207;105539;198.800000000;10;9558878412;S
20240207;105539;198.800000000;10;9558878413;S
20240207;105539;198.800000000;110;9558878414;S
20240207;105544;198.800000000;10;9558879071;S
20240207;105553;198.800000000;30;9558879926;S
20240207;105555;198.800000000;10;9558880136;S
20240207;105600;198.880000000;10;9558880565;B
20240207;105600;198.880000000;10;9558880566;B
20240207;105601;198.880000000;10;9558880631;B
20240207;105601;198.880000000;30;9558880632;B
20240207;105601;198.880000000;50;9558880633;B
20240207;105601;198.900000000;590;9558880634;B
20240207;105610;198.880000000;10;9558881891;B
20240207;105610;198.900000000;20;9558881892;B
