<DATE>;<TIME>;<LAST>;<VOL>;<ID>;<OPER>
20240227;095946;197.34;10;9702584718;B
20240227;095946;197.34;40;9702584719;B
20240227;095946;197.34;20;9702584720;B
20240227;095946;197.34;10;9702584721;B
20240227;095946;197.34;430;9702584722;S
20240227;095946;197.34;2170;9702584723;B
20240227;095946;197.34;1000;9702584724;B
20240227;095946;197.34;830;9702584725;B
20240227;095946;197.34;10;9702584726;B
20240227;095946;197.34;10;9702584727;B
20240227;095946;197.34;20;9702584728;B
20240227;095946;197.34;10;9702584729;B
20240227;095946;197.34;240;9702584730;B
20240227;095946;197.34;10;9702584731;B
20240227;095946;197.34;50;9702584732;B
20240227;095946;197.34;10;9702584733;B
20240227;095946;197.34;30;9702584734;B
20240227;095946;197.34;100;9702584735;B
20240227;095946;197.34;10;9702584736;B
20240227;095946;197.34;40;9702584737;B
20240227;095946;197.34;30;9702584738;B
20240227;095946;197.34;10;9702584739;B
20240227;095946;197.34;10;9702584740;B
20240227;095946;197.34;100;9702584741;B
20240227;095946;197.34;10;9702584742;B
20240227;095946;197.34;10;9702584743;B
20240227;095946;197.34;20;9702584744;B
20240227;095946;197.34;50;9702584745;B
20240227;095946;197.34;250;9702584746;B
20240227;095946;197.34;10;9702584747;B
20240227;095946;197.34;10;9702584748;B
20240227;095946;197.34;30;9702584749;B
20240227;095946;197.34;250;9702584750;B
20240227;095946;197.34;10;9702584751;B
20240227;095946;197.34;20;9702584752;B
20240227;095946;197.34;20;9702584753;B
20240227;095946;197.34;30;9702584754;B
20240227;095946;197.34;10;9702584755;B
20240227;095946;197.34;50;9702584756;B
20240227;095946;197.34;20;9702584757;B
20240227;095946;197.34;180;9702584758;B
20240227;095946;197.34;30;9702584759;S
20240227;095946;197.34;30;9702584760;S
20240227;100000;197.34;80;9702588240;S
20240227;100000;197.36;200;9702588408;B
20240227;100000;197.36;150;9702588564;B
20240227;100000;197.34;120;9702588985;S
20240227;100001;197.34;770;9702589576;S
20240227;100001;197.32;10;9702589623;S
20240227;100001;197.32;30;9702589624;S
20240227;100001;197.3;80;9702589625;S
20240227;100001;197.3;40;9702589909;S
20240227;100001;197.3;40;9702590311;S
20240227;100001;197.24;50;9702590312;S
20240227;100001;197.24;50;9702590313;S
20240227;100002;197.22;10;9702591178;S
20240227;100002;197.2;40;9702591179;S
20240227;100002;197.24;860;9702591462;S
20240227;100002;197.24;60;9702591478;S
20240227;100002;197.2;10;9702591548;S
20240227;100002;197.18;30;9702591549;S
20240227;100002;197.18;70;9702591550;S
20240227;100002;197.24;1300;9702591566;B
20240227;100002;197.26;80;9702591567;B
20240227;100002;197.4;200;9702591568;B
20240227;100002;197.4;30;9702591569;S
20240227;100002;197.4;8540;9702591570;S
20240227;100002;197.4;800;9702591571;S
20240227;100002;197.4;1000;9702591572;S
20240227;100002;197.44;900;9702591595;B
20240227;100002;197.46;90;9702591596;B
20240227;100002;197.5;600;9702591597;B
20240227;100002;197.5;30;9702591598;B
20240227;100002;197.52;20;9702591599;B
20240227;100002;197.52;30;9702591600;B
20240227;100002;197.52;10;9702591601;B
20240227;100002;197.52;30;9702591602;B
20240227;100002;197.52;10;9702591603;B
20240227;100002;197.62;500;9702591604;B
20240227;100002;197.66;10;9702591605;B
20240227;100002;197.68;30;9702591606;B
20240227;100002;197.7;300;9702591607;B
20240227;100002;197.7;20;9702591608;B
20240227;100002;197.7;30;9702591609;B
20240227;100002;197.7;10;9702591610;B
20240227;100002;197.78;20;9702591611;B
20240227;100002;197.8;10;9702591612;B
20240227;100002;197.8;920;9702591613;B
20240227;100002;197.82;60;9702591614;B
20240227;100002;197.82;50;9702591615;B
20240227;100002;197.82;50;9702591616;B
20240227;100002;197.82;3000;9702591617;B
20240227;100002;197.82;1840;9702591618;B
20240227;100002;197.82;510;9702591619;B
20240227;100002;197.82;1520;9702591620;B
20240227;100002;197.84;10;9702591621;B
20240227;100002;197.84;5000;9702591622;B
20240227;100002;197.86;10;9702591623;B
20240227;100002;197.86;2190;9702591624;B
20240227;100002;197.52;100;9702591631;S
20240227;100002;197.54;100;9702591639;S
20240227;100002;197.5;200;9702591828;S
20240227;100003;197.48;200;9702591873;S
20240227;100003;197.82;150;9702591992;B
20240227;100003;197.74;100;9702592058;S
20240227;100003;197.5;900;9702592069;B
20240227;100003;197.5;500;9702592070;B
20240227;100003;197.8;10;9702592095;B
20240227;100003;197.8;10;9702592106;B
20240227;100003;197.54;10;9702592241;S
20240227;100003;197.52;60;9702592310;S
20240227;100004;197.74;10;9702592364;B
20240227;100004;197.8;170;9702592365;B
20240227;100004;197.8;50;9702592374;B
20240227;100004;197.8;100;9702592529;B
20240227;100004;197.8;10;9702592653;B
20240227;100004;197.8;10;9702592714;B
20240227;100004;197.56;1000;9702592715;S
20240227;100005;197.8;10;9702593027;B
20240227;100005;197.8;30;9702593028;B
20240227;100005;197.8;10;9702593029;B
20240227;100005;197.82;510;9702593030;B
20240227;100005;197.82;140;9702593031;B
20240227;100005;197.78;10;9702593724;B
20240227;100005;197.48;10;9702593754;S
20240227;100005;197.78;170;9702593936;B
20240227;100005;197.8;380;9702593937;B
20240227;100005;197.8;40;9702593938;B
20240227;100005;197.82;140;9702593939;B
20240227;100006;197.8;20;9702594801;B
20240227;100006;197.82;370;9702594802;B
20240227;100006;197.84;840;9702594803;B
20240227;100006;197.58;10;9702595049;S
20240227;100006;197.82;510;9702595275;B
20240227;100006;197.82;10;9702595276;B
20240227;100006;197.84;160;9702595277;B
20240227;100006;197.84;20;9702595278;B
20240227;100006;197.84;1260;9702595279;B
20240227;100006;197.86;40;9702595280;B
20240227;100006;197.84;20;9702595345;B
20240227;100006;197.84;10;9702595490;B
20240227;100006;197.64;10;9702595967;S
20240227;100007;197.86;50;9702596242;B
20240227;100007;197.64;40;9702596456;S
20240227;100008;197.7;50;9702596727;S
20240227;100008;197.66;10;9702596728;S
20240227;100008;197.62;50;9702596729;S
20240227;100008;197.62;40;9702596730;S
20240227;100008;197.84;510;9702596890;B
20240227;100008;197.86;660;9702596891;B
20240227;100008;197.88;500;9702596892;B
20240227;100008;197.92;30;9702596893;B
20240227;100008;197.92;50;9702596894;B
20240227;100008;197.92;90;9702596895;B
20240227;100008;197.94;30;9702596896;B
20240227;100008;197.94;130;9702596897;B
20240227;100008;197.94;160;9702596915;B
20240227;100008;197.98;10;9702596916;B
20240227;100008;197.98;10;9702596917;B
20240227;100008;197.98;1010;9702596918;B
20240227;100008;197.98;40;9702596919;B
20240227;100008;197.98;510;9702596920;B
20240227;100008;198;10;9702596921;B
20240227;100008;198;10;9702596922;B
20240227;100008;198;10;9702596923;B
20240227;100008;198;10;9702596924;B
20240227;100008;198;20;9702596925;B
20240227;100008;198;400;9702596926;B
20240227;100008;198;50;9702596927;B
20240227;100008;198;10;9702596928;B
20240227;100008;198;200;9702596929;B
20240227;100008;198;40;9702596930;B
20240227;100008;198;530;9702596931;B
20240227;100008;198;500;9702596932;B
20240227;100008;198;1000;9702596933;B
20240227;100008;198;1000;9702596934;B
20240227;100008;198;1000;9702596935;B
20240227;100008;198;10;9702596936;B
20240227;100008;198.04;1260;9702596937;B
20240227;100008;198.06;250;9702596938;B
20240227;100008;198.1;10;9702596939;B
20240227;100008;198.1;10;9702596940;B
20240227;100008;198.1;500;9702596941;B
20240227;100008;198.12;10;9702596942;B
20240227;100008;198.12;1230;9702596943;B
20240227;100008;198.12;50;9702596944;B
20240227;100008;198.2;20;9702596945;B
20240227;100008;198.2;10;9702596946;B
20240227;100008;198.22;50;9702596947;B
20240227;100008;198.24;10;9702596948;B
20240227;100008;198.24;100;9702596949;B
20240227;100008;198.24;250;9702596950;B
20240227;100008;198.28;100;9702596951;B
20240227;100008;198.28;20;9702596952;B
20240227;100008;198.28;50;9702596953;B
20240227;100008;198.28;30;9702596954;B
20240227;100008;198.3;100;9702596955;B
20240227;100008;198.3;1700;9702596956;B
20240227;100008;198.34;10;9702596957;B
20240227;100008;198.34;10;9702596958;B
20240227;100008;198.34;10;9702596959;B
20240227;100008;198.38;1520;9702596960;B
20240227;100008;198.4;30;9702596961;B
20240227;100008;198.4;50;9702596962;B
20240227;100008;198.4;10;9702596963;B
20240227;100008;198.4;3870;9702596964;B
20240227;100008;198.28;100;9702596973;S
20240227;100008;197.7;50;9702596974;S
20240227;100008;197.58;10;9702596975;S
20240227;100008;197.58;50;9702596976;S
20240227;100008;197.48;100;9702596977;B
20240227;100008;197.46;40;9702596978;S
20240227;100008;197.42;60;9702596979;S
20240227;100008;197.42;890;9702596980;S
20240227;100008;197.42;500;9702596981;S
20240227;100008;197.42;70;9702596982;S
20240227;100008;197.42;200;9702596983;B
20240227;100008;197.4;30;9702597001;S
20240227;100008;197.4;900;9702597024;S
20240227;100008;197.42;30;9702597045;B
20240227;100008;197.42;380;9702597049;B
20240227;100008;197.4;450;9702597050;S
20240227;100009;197.4;900;9702597073;S
20240227;100009;197.48;120;9702597074;S
20240227;100009;197.88;30;9702597114;B
20240227;100009;197.88;40;9702597115;B
20240227;100009;197.9;190;9702597116;B
20240227;100009;197.72;400;9702597117;S
20240227;100009;197.9;10;9702597126;B
20240227;100009;197.92;20;9702597127;B
20240227;100009;197.96;130;9702597128;B
20240227;100009;198;10;9702597129;B
20240227;100009;198;50;9702597130;B
20240227;100009;198.08;330;9702597131;B
20240227;100009;198;10;9702597158;S
20240227;100009;198;30;9702597164;S
20240227;100009;198.08;20;9702597166;B
20240227;100009;198;10;9702597172;S
20240227;100009;198;10;9702597192;S
20240227;100009;197.82;50;9702597200;S
20240227;100009;197.74;10;9702597236;S
20240227;100009;197.66;500;9702597237;S
20240227;100009;197.56;10;9702597239;S
20240227;100009;197.56;10;9702597240;S
20240227;100009;197.48;100;9702597288;S
20240227;100010;197.42;10;9702597458;S
20240227;100010;197.68;10;9702597493;B
20240227;100010;197.7;20;9702597494;B
20240227;100010;197.88;20;9702597495;B
20240227;100010;197.88;40;9702597496;B
20240227;100010;197.9;50;9702597497;B
20240227;100010;197.78;20;9702597626;B
20240227;100010;197.78;30;9702597662;B
20240227;100010;197.88;10;9702597663;B
20240227;100011;197.84;90;9702597736;B
20240227;100011;197.84;100;9702597950;B
20240227;100012;197.74;10;9702598277;S
20240227;100012;197.74;10;9702598317;S
20240227;100013;197.76;10;9702598585;S
20240227;100014;197.74;10;9702598736;S
20240227;100015;197.64;10;9702599141;S
20240227;100015;197.56;50;9702599142;S
20240227;100015;197.56;60;9702599342;S
20240227;100016;197.56;100;9702599652;S
20240227;100017;197.72;10;9702599779;B
20240227;100017;197.74;40;9702599780;B
20240227;100017;197.74;10;9702599781;B
20240227;100017;197.76;10;9702599782;B
20240227;100017;197.82;10;9702599783;B
20240227;100017;197.84;50;9702599784;B
20240227;100017;197.88;10;9702599785;B
20240227;100017;197.9;510;9702599786;B
20240227;100017;197.9;200;9702599787;B
20240227;100019;197.66;110;9702600174;S
20240227;100019;197.82;10;9702600219;B
20240227;100019;197.84;20;9702600220;B
20240227;100019;197.86;510;9702600221;B
20240227;100019;197.86;460;9702600222;B
20240227;100019;197.68;10;9702600283;S
20240227;100019;197.64;170;9702600284;S
20240227;100020;197.62;10;9702600578;S
20240227;100020;197.6;20;9702600579;S
20240227;100020;197.58;740;9702600580;S
20240227;100020;197.58;40;9702600581;S
20240227;100020;197.56;290;9702600582;S
20240227;100022;197.56;60;9702600934;S
20240227;100022;197.8;30;9702601064;B
20240227;100023;197.74;30;9702601394;B
20240227;100023;197.76;50;9702601395;B
20240227;100023;197.76;40;9702601396;B
20240227;100023;197.8;170;9702601397;B
20240227;100023;197.82;10;9702601398;B
20240227;100023;197.84;10;9702601399;B
20240227;100023;197.86;510;9702601400;B
20240227;100023;197.86;1520;9702601401;B
20240227;100023;197.88;160;9702601402;B
20240227;100025;197.86;10;9702602048;B
20240227;100026;197.86;10;9702602147;B
20240227;100026;197.86;490;9702602162;B
20240227;100026;197.86;140;9702602163;B
20240227;100029;197.8;480;9702602815;B
20240227;100029;197.82;20;9702602816;B
20240227;100030;197.66;10;9702603255;S
20240227;100030;197.62;990;9702603256;S
20240227;100030;197.8;10;9702603345;B
20240227;100031;197.6;100;9702603558;B
20240227;100033;197.62;20;9702604031;S
20240227;100034;197.62;290;9702604336;S
20240227;100034;197.62;490;9702604692;S
20240227;100034;197.48;460;9702604693;S
20240227;100034;197.42;60;9702604730;S
20240227;100039;197.42;50;9702606000;S
20240227;100039;197.48;40;9702606039;B
20240227;100040;197.42;50;9702606250;S
20240227;100041;197.86;10;9702606733;B
20240227;100043;197.88;80;9702607208;B
20240227;100043;197.9;1520;9702607209;B
20240227;100043;197.9;900;9702607210;S
20240227;100043;197.9;900;9702607211;S
20240227;100044;197.66;40;9702607465;S
20240227;100045;197.5;1000;9702607549;S
20240227;100046;197.5;510;9702607834;S
20240227;100049;197.56;10;9702608616;B
20240227;100054;197.78;10;9702610170;B
20240227;100054;197.78;10;9702610186;B
20240227;100057;197.78;10;9702610701;B
20240227;100100;197.54;60;9702611703;B
20240227;100100;197.54;40;9702611704;B
20240227;100101;197.7;70;9702611905;B
20240227;100101;197.72;30;9702611906;B
20240227;100103;197.52;10;9702612397;S
20240227;100108;197.62;40;9702614048;B
20240227;100108;197.62;10;9702614049;B
20240227;100108;197.5;10;9702614081;S
20240227;100109;197.5;90;9702614374;S
20240227;100109;197.46;10;9702614421;S
20240227;100111;197.5;10;9702614825;B
20240227;100111;197.5;50;9702614826;B
20240227;100115;197.5;100;9702615522;S
20240227;100117;197.5;500;9702615979;S
20240227;100120;197.6;10;9702616530;B
20240227;100120;197.6;500;9702616554;S
20240227;100123;197.6;130;9702617186;S
20240227;100123;197.6;100;9702617387;S
20240227;100124;197.64;10;9702617408;B
20240227;100126;197.7;130;9702617818;B
20240227;100126;197.72;90;9702617819;B
20240227;100129;197.6;100;9702618286;S
20240227;100130;197.7;10;9702618440;B
20240227;100130;197.72;1750;9702618441;B
20240227;100130;197.72;1240;9702618442;B
20240227;100131;197.68;10;9702618645;B
20240227;100137;197.6;20;9702620174;S
20240227;100142;197.68;30;9702620936;B
20240227;100143;197.64;400;9702621038;S
20240227;100146;197.68;20;9702621531;B
20240227;100146;197.7;10;9702621541;S
20240227;100146;197.66;90;9702621542;S
20240227;100146;197.62;500;9702621586;S
20240227;100146;197.62;20;9702621621;S
20240227;100146;197.68;20;9702621778;S
20240227;100147;197.68;20;9702621952;S
20240227;100149;197.68;920;9702622439;S
20240227;100149;197.66;720;9702622440;S
20240227;100149;197.62;40;9702622441;S
20240227;100149;197.6;1110;9702622442;S
20240227;100149;197.56;500;9702622443;S
20240227;100149;197.56;1840;9702622444;S
20240227;100149;197.56;1520;9702622445;S
20240227;100149;197.54;3600;9702622446;S
20240227;100149;197.52;400;9702622447;S
20240227;100149;197.5;520;9702622448;S
20240227;100149;197.52;20;9702622512;S
20240227;100149;197.52;210;9702622544;S
20240227;100151;197.52;10;9702622954;S
20240227;100152;197.52;20;9702623030;S
20240227;100152;197.52;10;9702623074;S
20240227;100153;197.52;30;9702623325;S
20240227;100156;197.66;10;9702623729;S
20240227;100157;197.66;440;9702623882;S
20240227;100207;197.52;640;9702625944;S
20240227;100207;197.52;500;9702625945;S
20240227;100207;197.52;10;9702625946;S
20240227;100207;197.5;2820;9702625947;S
20240227;100207;197.5;980;9702625948;S
20240227;100207;197.5;10000;9702625949;S
20240227;100207;197.44;50;9702625950;S
20240227;100208;197.4;50;9702626120;S
20240227;100208;197.52;10;9702626233;B
20240227;100210;197.38;150;9702626579;S
20240227;100211;197.38;110;9702626903;S
20240227;100211;197.36;10;9702626904;S
20240227;100211;197.36;90;9702626905;S
20240227;100211;197.34;80;9702626906;S
20240227;100211;197.34;60;9702626966;S
20240227;100212;197.32;60;9702627028;S
20240227;100213;197.32;10;9702627377;S
20240227;100213;197.3;170;9702627378;S
20240227;100214;197.32;10;9702627606;S
20240227;100214;197.32;90;9702627607;S
20240227;100215;197.38;10;9702627739;B
20240227;100215;197.32;30;9702627753;S
20240227;100215;197.3;20;9702627800;S
20240227;100216;197.3;60;9702627913;S
20240227;100216;197.3;20;9702628035;S
20240227;100217;197.3;70;9702628339;S
20240227;100218;197.3;90;9702628450;S
20240227;100218;197.3;20;9702628488;S
20240227;100219;197.3;90;9702628685;S
20240227;100219;197.3;10;9702628704;S
20240227;100223;197.3;30;9702629712;S
20240227;100224;197.3;70;9702629977;S
20240227;100225;197.24;10;9702630369;S
20240227;100225;197.24;50;9702630370;S
20240227;100225;197.24;90;9702630371;S
20240227;100229;197.26;1050;9702631201;S
20240227;100231;197.3;30;9702631539;B
20240227;100231;197.3;90;9702631540;B
20240227;100231;197.32;100;9702631541;B
20240227;100231;197.32;200;9702631542;B
20240227;100231;197.36;80;9702631543;B
20240227;100232;197.3;30;9702631864;S
20240227;100232;197.28;200;9702631962;S
20240227;100232;197.26;540;9702631963;S
20240227;100232;197.26;100;9702631965;S
20240227;100233;197.36;200;9702632188;B
20240227;100233;197.38;500;9702632189;B
20240227;100233;197.38;10;9702632190;B
20240227;100233;197.42;1840;9702632191;B
20240227;100233;197.44;900;9702632192;B
20240227;100233;197.48;1520;9702632193;B
20240227;100233;197.5;1460;9702632194;B
20240227;100233;197.54;400;9702632195;B
20240227;100233;197.56;50;9702632196;B
20240227;100233;197.58;100;9702632197;B
20240227;100233;197.58;1840;9702632198;B
20240227;100233;197.6;50;9702632199;B
20240227;100233;197.6;3200;9702632200;B
20240227;100233;197.64;40;9702632201;B
20240227;100233;197.66;2550;9702632202;B
20240227;100233;197.72;100;9702632203;B
20240227;100233;197.74;20;9702632204;B
20240227;100233;197.76;130;9702632205;B
20240227;100233;197.78;1000;9702632206;B
20240227;100233;197.8;5000;9702632207;B
20240227;100233;197.8;20;9702632208;S
20240227;100233;197.8;100;9702632209;S
20240227;100233;197.8;400;9702632210;S
20240227;100233;197.8;10;9702632217;S
20240227;100235;197.8;10;9702632658;S
20240227;100236;197.8;10;9702632730;S
20240227;100237;197.8;40;9702632907;S
20240227;100238;197.8;330;9702633024;S
20240227;100238;197.84;130;9702633161;B
20240227;100238;197.84;40;9702633162;B
20240227;100238;197.8;10;9702633163;S
20240227;100241;197.8;10;9702633724;S
20240227;100241;197.8;10;9702633745;S
20240227;100243;197.8;130;9702633946;S
20240227;100244;197.8;100;9702634101;S
20240227;100245;197.84;20;9702634254;B
20240227;100249;197.84;20;9702634997;B
20240227;100253;197.84;1000;9702635655;B
20240227;100253;197.8;100;9702635850;S
20240227;100254;197.8;10;9702635888;S
20240227;100255;197.8;100;9702636001;S
20240227;100255;197.8;10;9702636023;S
20240227;100256;197.8;50;9702636352;S
20240227;100258;197.84;10;9702636542;B
20240227;100259;197.8;10;9702636707;S
20240227;100259;197.8;10;9702636752;S
20240227;100300;197.8;1180;9702636916;S
20240227;100300;197.8;730;9702636917;S
20240227;100300;197.8;6440;9702636918;S
20240227;100300;197.8;5710;9702636919;S
20240227;100300;197.8;3560;9702636920;S
20240227;100300;197.8;50;9702636936;S
20240227;100300;197.82;400;9702636990;B
20240227;100301;197.8;500;9702637018;S
20240227;100304;197.8;560;9702637683;S
20240227;100307;197.8;220;9702638302;S
20240227;100308;197.8;8000;9702638530;S
20240227;100309;197.8;70;9702638768;S
20240227;100318;197.82;10;9702640821;S
20240227;100318;197.8;40;9702640822;S
20240227;100322;197.8;30;9702641310;S
20240227;100324;197.8;30;9702641815;S
20240227;100325;197.8;10;9702642161;S
20240227;100328;197.84;40;9702642782;B
20240227;100330;197.84;30;9702643265;B
20240227;100330;197.86;260;9702643266;B
20240227;100330;197.86;10;9702643267;B
20240227;100330;197.88;10;9702643268;B
20240227;100330;197.88;30;9702643269;B
20240227;100330;197.88;1520;9702643270;B
20240227;100330;197.9;140;9702643271;B
20240227;100335;197.8;10;9702644132;S
20240227;100342;197.84;130;9702645514;B
20240227;100342;197.86;90;9702645515;B
20240227;100344;197.8;50;9702645956;S
20240227;100346;197.86;600;9702646197;B
20240227;100346;197.86;10;9702646214;B
20240227;100346;197.88;290;9702646215;B
20240227;100348;197.88;10;9702646671;B
20240227;100352;197.84;10;9702647518;S
20240227;100353;197.84;10;9702647576;S
20240227;100400;197.82;90;9702648996;S
20240227;100400;197.8;210;9702648997;S
20240227;100401;197.8;110;9702649257;S
20240227;100405;197.86;200;9702650097;B
20240227;100406;197.8;110;9702650216;S
20240227;100406;197.8;10;9702650217;S
20240227;100406;197.8;10;9702650218;S
20240227;100406;197.8;120;9702650219;S
20240227;100409;197.88;10;9702650759;B
20240227;100416;197.84;90;9702652186;S
20240227;100416;197.82;730;9702652187;S
20240227;100416;197.82;40;9702652188;S
20240227;100416;197.8;70;9702652189;S
20240227;100416;197.8;10;9702652190;S
20240227;100416;197.8;10;9702652191;S
20240227;100416;197.8;2550;9702652192;S
20240227;100417;197.82;260;9702652579;S
20240227;100418;197.86;10;9702652777;B
20240227;100422;197.8;60;9702653840;S
20240227;100426;197.8;20;9702654636;S
20240227;100427;197.8;150;9702654917;S
20240227;100431;197.8;110;9702655582;S
20240227;100432;197.8;200;9702655786;S
20240227;100432;197.82;10;9702655883;B
20240227;100432;197.82;40;9702655884;B
20240227;100436;197.8;60;9702656761;S
20240227;100437;197.8;130;9702656842;S
20240227;100439;197.8;20;9702657303;S
20240227;100445;197.82;10;9702658562;B
20240227;100445;197.8;260;9702658642;S
20240227;100446;197.82;890;9702659026;B
20240227;100446;197.82;30;9702659027;B
20240227;100446;197.84;40;9702659028;B
20240227;100446;197.84;270;9702659029;B
20240227;100446;197.86;1510;9702659030;B
20240227;100446;197.88;260;9702659031;B
20240227;100447;197.86;10;9702659174;B
20240227;100452;197.8;80;9702660100;S
20240227;100457;197.86;20;9702661004;B
20240227;100458;197.8;50;9702661063;S
20240227;100503;197.8;10;9702662030;S
20240227;100504;197.8;30;9702662202;S
20240227;100506;197.8;110;9702662779;S
20240227;100506;197.8;60;9702662859;S
20240227;100508;197.8;200;9702663351;S
20240227;100516;197.8;5900;9702664760;S
20240227;100516;197.8;20;9702664761;S
20240227;100516;197.8;5920;9702664762;S
20240227;100516;197.8;4080;9702664763;S
20240227;100516;197.8;4080;9702664764;S
20240227;100517;197.8;20;9702665007;S
20240227;100521;197.82;10;9702666118;B
20240227;100522;197.8;2000;9702666197;S
20240227;100522;197.8;3900;9702666198;S
20240227;100522;197.8;10;9702666199;S
20240227;100522;197.82;230;9702666200;S
20240227;100527;197.82;110;9702667379;B
20240227;100527;197.84;290;9702667380;B
20240227;100527;197.82;120;9702667398;S
20240227;100527;197.8;50;9702667399;S
20240227;100531;197.84;10;9702668274;S
20240227;100531;197.82;10;9702668275;S
20240227;100534;197.82;30;9702668859;S
20240227;100535;197.84;10;9702668980;B
20240227;100538;197.82;10;9702669738;S
20240227;100538;197.82;40;9702669739;S
20240227;100538;197.82;10;9702669740;S
20240227;100538;197.8;120;9702669741;S
20240227;100540;197.8;260;9702670116;S
20240227;100542;197.84;300;9702670563;B
20240227;100555;197.86;100;9702672536;B
20240227;100555;197.82;10;9702672582;S
20240227;100559;197.82;10;9702673269;S
20240227;100559;197.82;20;9702673270;S
20240227;100600;197.82;10;9702673385;B
20240227;100600;197.8;900;9702673390;S
20240227;100601;197.82;20;9702673494;B
20240227;100604;197.84;10;9702673942;B
20240227;100604;197.86;60;9702673943;B
20240227;100606;197.8;10;9702674253;S
20240227;100610;197.84;10;9702674996;B
20240227;100612;197.82;80;9702675373;B
20240227;100612;197.82;500;9702675404;B
20240227;100614;197.8;30;9702675793;S
20240227;100618;197.82;10;9702676356;B
20240227;100618;197.82;10;9702676365;B
20240227;100622;197.8;50;9702677024;S
20240227;100624;197.82;10;9702677356;B
20240227;100624;197.8;300;9702677439;S
20240227;100628;197.8;20;9702677955;S
20240227;100631;197.82;20;9702678384;B
20240227;100631;197.82;150;9702678385;B
20240227;100631;197.82;50;9702678386;B
20240227;100631;197.84;400;9702678387;B
20240227;100631;197.84;10;9702678409;B
20240227;100631;197.8;30;9702678489;S
20240227;100637;197.8;200;9702679400;S
20240227;100638;197.8;900;9702679405;S
20240227;100638;197.8;220;9702679406;S
20240227;100638;197.8;1300;9702679451;S
20240227;100639;197.8;750;9702679594;S
20240227;100640;197.8;4860;9702679721;S
20240227;100640;197.8;10;9702679722;S
20240227;100640;197.8;130;9702679723;S
20240227;100641;197.8;20;9702679802;S
20240227;100641;197.8;40;9702679803;S
20240227;100641;197.8;110;9702679837;S
20240227;100641;197.8;100;9702679838;S
20240227;100641;197.8;200;9702679839;S
20240227;100641;197.8;300;9702679840;S
20240227;100641;197.8;10;9702679841;S
20240227;100641;197.8;10;9702679842;S
20240227;100641;197.8;10;9702679843;S
20240227;100641;197.8;260;9702679844;S
20240227;100643;197.8;70;9702680137;S
20240227;100643;197.82;20;9702680172;B
20240227;100646;197.8;1000;9702680535;S
20240227;100654;197.8;3000;9702681959;S
20240227;100655;197.82;40;9702682121;B
20240227;100655;197.82;10;9702682122;B
20240227;100655;197.82;40;9702682135;B
20240227;100655;197.82;20;9702682136;B
20240227;100655;197.82;10;9702682137;B
20240227;100655;197.84;10;9702682138;B
20240227;100656;197.8;1010;9702682274;S
20240227;100700;197.82;1200;9702682830;B
20240227;100700;197.8;1360;9702682831;S
20240227;100701;197.8;10;9702682909;S
20240227;100702;197.8;40;9702683183;S
20240227;100703;197.8;10;9702683212;S
20240227;100703;197.8;20;9702683312;S
20240227;100703;197.8;40;9702683313;S
20240227;100703;197.8;200;9702683385;S
20240227;100704;197.8;1390;9702683404;S
20240227;100704;197.8;30;9702683508;S
20240227;100704;197.8;90;9702683509;S
20240227;100704;197.8;30;9702683540;S
20240227;100705;197.8;510;9702683634;S
20240227;100706;197.8;20;9702683785;S
20240227;100707;197.8;200;9702684010;S
20240227;100708;197.82;50;9702684087;B
20240227;100708;197.82;20;9702684122;B
20240227;100709;197.8;40;9702684339;S
20240227;100710;197.82;10;9702684478;B
20240227;100710;197.82;20;9702684479;B
20240227;100710;197.8;30;9702684592;S
20240227;100715;197.8;640;9702685252;S
20240227;100715;197.8;10;9702685253;S
20240227;100715;197.8;10;9702685254;S
20240227;100715;197.8;310;9702685255;S
20240227;100715;197.82;20;9702685266;S
20240227;100715;197.8;690;9702685271;S
20240227;100715;197.8;4310;9702685272;S
20240227;100720;197.8;30;9702685881;S
20240227;100721;197.8;50;9702686233;S
20240227;100721;197.82;20;9702686251;B
20240227;100721;197.82;10;9702686254;B
20240227;100722;197.82;20;9702686454;B
20240227;100723;197.8;10;9702686583;S
20240227;100725;197.82;20;9702686842;B
20240227;100729;197.82;190;9702687341;B
20240227;100730;197.8;9900;9702687469;S
20240227;100730;197.8;20;9702687470;S
20240227;100730;197.8;10;9702687471;S
20240227;100730;197.8;10;9702687472;S
20240227;100730;197.8;10;9702687473;S
20240227;100730;197.8;20;9702687474;S
20240227;100730;197.8;10;9702687475;S
20240227;100730;197.8;10;9702687476;S
20240227;100730;197.8;10;9702687477;S
20240227;100732;197.8;30;9702687733;S
20240227;100732;197.8;10;9702687741;S
20240227;100733;197.8;20;9702687789;S
20240227;100738;197.8;1540;9702688828;S
20240227;100738;197.8;200;9702688829;S
20240227;100738;197.8;610;9702688830;S
20240227;100738;197.82;10;9702688847;B
20240227;100738;197.8;10;9702688860;S
20240227;100738;197.8;20;9702688907;S
20240227;100739;197.82;110;9702688988;B
20240227;100739;197.82;10;9702688989;B
20240227;100739;197.84;80;9702688990;B
20240227;100740;197.8;200;9702689248;S
20240227;100742;197.8;190;9702689498;S
20240227;100743;197.8;10;9702689835;S
20240227;100743;197.8;10;9702689836;S
20240227;100743;197.8;8000;9702689842;S
20240227;100746;197.8;1000;9702690489;S
20240227;100747;197.8;10000;9702690574;S
20240227;100747;197.8;10;9702690585;S
20240227;100747;197.8;70;9702690602;S
20240227;100749;197.8;250;9702690907;S
20240227;100750;197.8;210;9702690984;S
20240227;100750;197.8;100;9702690985;S
20240227;100750;197.8;440;9702690986;S
20240227;100750;197.8;10;9702691048;S
20240227;100751;197.8;110;9702691117;S
20240227;100751;197.8;100;9702691158;S
20240227;100751;197.8;290;9702691159;S
20240227;100752;197.8;80;9702691188;S
20240227;100752;197.8;10;9702691208;S
20240227;100752;197.8;10;9702691375;S
20240227;100752;197.8;750;9702691376;S
20240227;100753;197.8;90;9702691517;S
20240227;100753;197.8;40;9702691542;S
20240227;100753;197.8;30;9702691610;S
20240227;100754;197.8;70;9702691700;S
20240227;100754;197.8;20;9702691701;S
20240227;100754;197.8;10;9702691757;S
20240227;100754;197.8;10;9702691758;S
20240227;100754;197.8;730;9702691806;S
20240227;100754;197.8;300;9702691850;S
20240227;100755;197.8;50;9702691895;S
20240227;100755;197.8;10;9702691975;S
20240227;100756;197.82;10;9702692060;B
20240227;100756;197.82;20;9702692061;S
20240227;100756;197.8;50;9702692088;S
20240227;100758;197.8;30;9702692431;S
20240227;100800;197.8;130;9702692802;S
20240227;100801;197.8;10;9702692975;S
20240227;100802;197.84;20;9702693056;B
20240227;100802;197.84;10;9702693057;B
20240227;100802;197.84;10;9702693058;B
20240227;100802;197.84;10;9702693059;B
20240227;100802;197.84;10;9702693060;B
20240227;100802;197.86;50;9702693061;B
20240227;100802;197.86;160;9702693062;B
20240227;100802;197.86;10;9702693063;B
20240227;100802;197.88;20;9702693064;B
20240227;100802;197.88;20;9702693065;B
20240227;100802;197.88;10;9702693066;B
20240227;100802;197.88;1520;9702693067;B
20240227;100802;197.9;150;9702693068;B
20240227;100802;197.88;1320;9702693209;B
20240227;100809;197.86;130;9702694609;B
20240227;100809;197.88;20;9702694610;B
20240227;100811;197.86;10;9702694911;B
20240227;100811;197.86;130;9702695055;B
20240227;100811;197.88;280;9702695056;B
20240227;100814;197.86;600;9702695551;S
20240227;100814;197.84;50;9702695552;S
20240227;100814;197.84;50;9702695553;S
20240227;100814;197.84;160;9702695554;S
20240227;100814;197.84;10;9702695555;S
20240227;100814;197.82;10;9702695556;S
20240227;100814;197.82;5000;9702695557;S
20240227;100814;197.82;20;9702695558;S
20240227;100814;197.82;40;9702695559;S
20240227;100814;197.8;4060;9702695560;S
20240227;100820;197.8;130;9702696696;S
20240227;100823;197.8;20;9702697545;S
20240227;100825;197.82;20;9702698032;B
20240227;100828;197.8;500;9702698571;S
20240227;100830;197.8;60;9702698968;S
20240227;100831;197.8;150;9702699105;S
20240227;100841;197.82;10;9702700880;S
20240227;100849;197.84;10;9702702450;B
20240227;100849;197.82;10;9702702462;S
20240227;100849;197.8;10;9702702463;S
20240227;100853;197.8;10;9702702998;S
20240227;100853;197.8;8910;9702703169;S
20240227;100853;197.8;40;9702703170;S
20240227;100853;197.8;1000;9702703171;S
20240227;100853;197.8;50;9702703172;S
20240227;100855;197.8;1310;9702703472;S
20240227;100855;197.8;520;9702703473;S
20240227;100855;197.8;290;9702703519;S
20240227;100856;197.8;610;9702703619;S
20240227;100856;197.8;130;9702703660;S
20240227;100856;197.8;10;9702703662;S
20240227;100856;197.8;30;9702703695;S
20240227;100858;197.8;40;9702703882;S
20240227;100858;197.8;170;9702703883;S
20240227;100858;197.8;850;9702703884;S
20240227;100858;197.8;10;9702703885;S
20240227;100858;197.8;10;9702703957;S
20240227;100858;197.8;30;9702703958;S
20240227;100859;197.8;730;9702704054;S
20240227;100859;197.8;10;9702704055;S
20240227;100859;197.8;10;9702704056;S
20240227;100859;197.8;160;9702704057;S
20240227;100900;197.8;120;9702704195;S
20240227;100900;197.8;190;9702704291;S
20240227;100901;197.82;10;9702704341;B
20240227;100901;197.82;490;9702704421;B
20240227;100903;197.8;140;9702704676;S
20240227;100903;197.82;10;9702704702;B
20240227;100903;197.8;110;9702704793;S
20240227;100903;197.82;70;9702704799;B
20240227;100903;197.8;40;9702704800;S
20240227;100903;197.8;110;9702704817;S
20240227;100904;197.8;10;9702704885;S
20240227;100904;197.82;10;9702704945;B
20240227;100904;197.8;230;9702704946;S
20240227;100905;197.8;10;9702705025;S
20240227;100905;197.8;10;9702705137;S
20240227;100905;197.8;20;9702705138;S
20240227;100905;197.8;5640;9702705144;S
20240227;100906;197.8;410;9702705207;S
20240227;100907;197.8;70;9702705495;S
20240227;100907;197.8;10;9702705496;S
20240227;100908;197.8;50;9702705553;S
20240227;100908;197.82;10;9702705671;B
20240227;100910;197.8;90;9702705873;S
20240227;100910;197.8;1910;9702705874;S
20240227;100910;197.8;100;9702705937;S
20240227;100910;197.8;90;9702705974;S
20240227;100911;197.82;200;9702706107;B
20240227;100911;197.8;50;9702706108;S
20240227;100911;197.8;10;9702706296;S
20240227;100911;197.8;30;9702706297;S
20240227;100912;197.8;90;9702706387;S
20240227;100912;197.8;190;9702706429;S
20240227;100912;197.8;1330;9702706433;S
20240227;100912;197.8;150;9702706434;S
20240227;100912;197.8;40;9702706541;S
20240227;100912;197.8;30;9702706542;S
20240227;100912;197.8;760;9702706543;S
20240227;100912;197.82;20;9702706574;B
20240227;100913;197.8;20;9702706599;S
20240227;100913;197.8;20;9702706600;S
20240227;100913;197.8;750;9702706638;S
20240227;100913;197.8;180;9702706668;S
20240227;100913;197.8;60;9702706724;S
20240227;100913;197.8;40;9702706728;S
20240227;100913;197.8;260;9702706758;S
20240227;100913;197.8;10;9702706759;S
20240227;100913;197.8;910;9702706802;S
20240227;100913;197.8;10;9702706845;S
20240227;100913;197.8;120;9702706846;S
20240227;100914;197.8;580;9702707175;S
20240227;100915;197.8;1300;9702707269;S
20240227;100916;197.82;50;9702707563;B
20240227;100916;197.8;70;9702707620;S
20240227;100917;197.8;20;9702707791;S
20240227;100917;197.8;5040;9702707792;S
20240227;100919;197.8;130;9702708295;S
20240227;100922;197.8;60;9702708981;S
20240227;100922;197.8;20;9702708982;S
20240227;100923;197.82;10;9702709211;B
20240227;100924;197.8;4800;9702709283;S
20240227;100924;197.8;5000;9702709284;S
20240227;100924;197.8;200;9702709285;S
20240227;100924;197.8;20;9702709420;S
20240227;100926;197.8;10;9702709670;S
20240227;100927;197.8;2000;9702709902;S
20240227;100927;197.8;10;9702709903;S
20240227;100927;197.82;10;9702709924;B
20240227;100928;197.8;260;9702710151;S
20240227;100929;197.8;110;9702710208;S
20240227;100929;197.82;40;9702710388;B
20240227;100929;197.8;50;9702710394;S
20240227;100929;197.8;80;9702710395;S
20240227;100931;197.8;10;9702710712;S
20240227;100931;197.8;50;9702710713;S
20240227;100931;197.8;10;9702710732;S
20240227;100932;197.82;100;9702710908;B
20240227;100932;197.8;40;9702710909;S
20240227;100933;197.8;160;9702710980;S
20240227;100933;197.8;5000;9702711021;S
20240227;100934;197.82;10;9702711343;B
20240227;100935;197.8;10;9702711457;S
20240227;100937;197.8;20;9702711785;S
20240227;100937;197.8;30;9702711786;S
20240227;100938;197.8;210;9702711975;S
20240227;100939;197.8;50;9702712102;S
20240227;100942;197.82;50;9702712859;B
20240227;100942;197.8;10;9702712860;S
20240227;100946;197.82;1230;9702713758;B
20240227;100946;197.82;50;9702713759;B
20240227;100946;197.82;470;9702713760;B
20240227;100946;197.84;30;9702713761;B
20240227;100946;197.84;450;9702713762;B
20240227;100948;197.82;100;9702714067;B
20240227;100949;197.8;20;9702714267;S
20240227;100950;197.8;100;9702714543;S
20240227;100952;197.8;400;9702714839;S
20240227;100952;197.82;20;9702714989;B
20240227;100953;197.82;10;9702715218;B
20240227;100953;197.8;10;9702715219;S
20240227;100954;197.8;10;9702715435;S
20240227;100956;197.82;300;9702715941;B
20240227;100957;197.84;1200;9702716253;B
20240227;100959;197.82;10;9702716776;S
20240227;101010;197.82;60;9702719327;S
20240227;101010;197.82;50;9702719328;S
20240227;101011;197.82;60;9702719418;S
20240227;101011;197.82;50;9702719560;S
20240227;101013;197.84;100;9702720331;B
20240227;101013;197.82;30;9702720502;S
20240227;101014;197.82;30;9702720548;S
20240227;101018;197.82;300;9702721575;S
20240227;101018;197.84;170;9702721662;B
20240227;101019;197.82;10;9702721713;S
20240227;101019;197.82;10;9702721729;S
20240227;101023;197.82;10;9702722426;S
20240227;101023;197.82;60;9702722427;S
20240227;101023;197.8;30;9702722428;S
20240227;101025;197.84;20;9702722929;B
20240227;101027;197.8;30;9702723331;S
20240227;101028;197.84;20;9702723531;B
20240227;101039;197.8;1300;9702725830;S
20240227;101040;197.8;5580;9702725857;S
20240227;101040;197.8;200;9702725858;S
20240227;101040;197.8;10;9702725859;S
20240227;101040;197.8;4320;9702725860;S
20240227;101040;197.8;1840;9702725861;S
20240227;101040;197.82;10;9702725975;B
20240227;101040;197.82;100;9702725994;B
20240227;101041;197.8;100;9702726024;S
20240227;101043;197.8;900;9702726655;S
20240227;101049;197.8;50;9702727536;S
20240227;101050;197.82;10;9702727820;B
20240227;101052;197.8;60;9702728042;S
20240227;101053;197.8;10;9702728136;S
20240227;101054;197.8;10;9702728390;S
20240227;101055;197.8;30;9702728487;S
20240227;101056;197.8;1000;9702728537;S
20240227;101057;197.8;80;9702728705;S
20240227;101108;197.8;20;9702730712;S
20240227;101108;197.8;50;9702730743;S
20240227;101110;197.82;80;9702731025;B
20240227;101110;197.82;1100;9702731026;B
20240227;101110;197.84;40;9702731027;B
20240227;101110;197.84;10;9702731028;B
20240227;101110;197.84;280;9702731029;B
20240227;101110;197.84;490;9702731030;B
20240227;101114;197.82;250;9702731908;S
20240227;101114;197.8;50;9702731909;S
20240227;101118;197.82;50;9702732436;B
20240227;101121;197.82;300;9702732960;S
20240227;101123;197.82;1070;9702733269;S
20240227;101126;197.8;1500;9702733750;S
20240227;101130;197.82;100;9702734353;B
20240227;101133;197.8;10;9702734881;S
20240227;101137;197.82;20;9702735253;B
20240227;101137;197.8;80;9702735282;S
20240227;101138;197.8;1000;9702735380;S
20240227;101139;197.82;150;9702735531;B
20240227;101139;197.8;10;9702735625;S
20240227;101141;197.82;10;9702735862;B
20240227;101142;197.8;20;9702735973;S
20240227;101147;197.82;10;9702736707;B
20240227;101152;197.8;300;9702737369;S
20240227;101159;197.82;10;9702738442;B
20240227;101200;197.8;10;9702738533;S
20240227;101203;197.82;630;9702738901;B
20240227;101203;197.82;1370;9702738902;B
20240227;101204;197.8;20;9702739076;S
20240227;101207;197.8;10;9702739523;S
20240227;101208;197.82;10;9702739595;B
20240227;101208;197.82;250;9702739601;B
20240227;101208;197.8;800;9702739633;S
20240227;101208;197.8;10;9702739643;S
20240227;101209;197.8;220;9702739736;S
20240227;101211;197.8;360;9702739973;S
20240227;101216;197.82;10;9702740638;B
20240227;101217;197.82;30;9702740865;B
20240227;101221;197.82;330;9702741456;B
20240227;101221;197.82;20;9702741457;B
20240227;101221;197.82;50;9702741458;B
20240227;101221;197.82;10;9702741459;B
20240227;101221;197.82;10;9702741460;B
20240227;101226;197.84;10;9702742273;B
20240227;101226;197.84;10;9702742274;B
20240227;101227;197.84;100;9702742499;B
20240227;101228;197.84;40;9702742515;B
20240227;101228;197.84;50;9702742617;B
20240227;101230;197.82;60;9702742890;S
20240227;101232;197.82;10;9702743084;S
20240227;101232;197.82;30;9702743112;S
20240227;101236;197.84;10;9702743813;B
20240227;101237;197.84;10;9702744054;B
20240227;101243;197.84;50;9702745070;B
20240227;101243;197.84;20;9702745080;S
20240227;101245;197.86;10;9702745282;B
20240227;101245;197.86;960;9702745283;B
20240227;101247;197.88;200;9702745610;B
20240227;101247;197.88;20;9702745611;B
20240227;101247;197.9;1280;9702745612;B
20240227;101247;197.9;3000;9702745737;B
20240227;101249;197.9;2000;9702745963;B
20240227;101250;197.9;1430;9702746111;B
20240227;101250;197.9;80;9702746112;B
20240227;101250;197.9;490;9702746113;B
20240227;101250;197.9;10;9702746127;B
20240227;101250;197.9;110;9702746128;B
20240227;101250;197.9;10;9702746129;B
20240227;101250;197.92;10;9702746130;B
20240227;101250;197.92;1000;9702746131;B
20240227;101250;197.92;20;9702746132;B
20240227;101252;197.96;30;9702746414;B
20240227;101252;197.96;500;9702746415;B
20240227;101252;197.98;610;9702746416;B
20240227;101252;197.98;1000;9702746417;B
20240227;101252;197.98;20;9702746418;B
20240227;101252;197.98;350;9702746419;B
20240227;101252;197.98;10;9702746420;B
20240227;101252;197.98;10;9702746421;B
20240227;101252;197.98;10;9702746422;B
20240227;101252;197.98;2020;9702746423;B
20240227;101252;197.98;20;9702746424;B
20240227;101252;198;10;9702746425;B
20240227;101252;198;200;9702746426;B
20240227;101252;198;20;9702746427;B
20240227;101252;198;10;9702746428;B
20240227;101252;198;560;9702746429;B
20240227;101252;198;100;9702746430;B
20240227;101252;198;1000;9702746431;B
20240227;101252;198;10;9702746432;B
20240227;101252;198;8810;9702746433;B
20240227;101252;198;10;9702746434;B
20240227;101252;198;90;9702746435;B
20240227;101252;198;100;9702746436;B
20240227;101252;198;100;9702746437;B
20240227;101252;198;20;9702746438;B
20240227;101252;198;500;9702746439;B
20240227;101252;198;10;9702746440;B
20240227;101252;198;10;9702746441;B
20240227;101252;198;1000;9702746442;B
20240227;101252;198;10;9702746443;B
20240227;101252;198;20;9702746444;B
20240227;101252;198;50;9702746445;B
20240227;101252;198;10;9702746446;B
20240227;101252;198;100;9702746447;B
20240227;101252;198;200;9702746448;B
20240227;101253;198.08;500;9702746462;B
20240227;101253;198.04;10;9702746527;S
20240227;101253;198.08;50;9702746567;B
20240227;101253;198.08;10;9702746568;B
20240227;101254;198.02;110;9702746685;S
20240227;101256;198.04;10;9702746888;S
20240227;101300;198.04;10;9702747562;S
20240227;101300;198.04;10;9702747583;S
20240227;101300;198.08;130;9702747594;B
20240227;101300;198.08;130;9702747595;B
20240227;101300;198.1;50;9702747596;B
20240227;101300;198.1;120;9702747597;B
20240227;101300;198.04;20;9702747675;S
20240227;101301;198.04;10;9702747700;S
20240227;101302;198.1;80;9702748024;B
20240227;101304;198.12;30;9702748393;B
20240227;101306;198.12;520;9702748771;B
20240227;101307;198.12;450;9702748853;B
20240227;101308;198.12;10;9702749098;S
20240227;101308;198.16;1200;9702749108;B
20240227;101308;198.18;20;9702749176;B
20240227;101308;198.18;20;9702749177;B
20240227;101308;198.2;10;9702749178;B
20240227;101308;198.2;950;9702749179;B
20240227;101309;198.2;50;9702749242;B
20240227;101309;198.2;70;9702749243;B
20240227;101309;198.2;500;9702749244;B
20240227;101309;198.2;50;9702749245;B
20240227;101309;198.2;170;9702749246;B
20240227;101309;198.2;360;9702749247;B
20240227;101311;198.2;50;9702749548;B
20240227;101311;198.14;10;9702749590;S
20240227;101311;198.14;10;9702749591;S
20240227;101313;198.16;10;9702749834;S
20240227;101313;198.14;10;9702749888;S
20240227;101314;198.14;20;9702750002;S
20240227;101317;198.16;50;9702750535;B
20240227;101319;198.14;10;9702750921;S
20240227;101320;198.16;40;9702751117;B
20240227;101321;198.18;60;9702751476;B
20240227;101321;198.18;1200;9702751477;B
20240227;101321;198.18;130;9702751478;B
20240227;101322;198.16;10;9702751548;S
20240227;101324;198.2;30;9702751967;B
20240227;101325;198.2;560;9702752227;B
20240227;101325;198.2;40;9702752228;B
20240227;101325;198.2;100;9702752229;B
20240227;101325;198.2;30;9702752230;B
20240227;101326;198.16;10;9702752417;B
20240227;101326;198.14;20;9702752438;S
20240227;101326;198.14;80;9702752439;S
20240227;101327;198.2;10;9702752745;B
20240227;101328;198.14;10;9702752770;S
20240227;101328;198.14;500;9702752910;S
20240227;101332;198.14;10;9702753463;S
20240227;101335;198.14;200;9702753991;S
20240227;101335;198.18;200;9702753992;B
20240227;101338;198.16;10;9702754279;S
20240227;101340;198.16;1000;9702754543;S
20240227;101344;198.18;200;9702755097;B
20240227;101345;198.16;10;9702755120;S
20240227;101345;198.14;10;9702755121;S
20240227;101345;198.14;10;9702755122;S
20240227;101346;198.14;40;9702755280;S
20240227;101346;198.12;150;9702755281;S
20240227;101346;198.2;10;9702755338;B
20240227;101347;198.2;10;9702755377;B
20240227;101348;198.18;10;9702755566;B
20240227;101348;198.18;30;9702755613;B
20240227;101348;198.2;140;9702755614;B
20240227;101348;198.2;10;9702755615;B
20240227;101348;198.2;50;9702755616;B
20240227;101348;198.2;10;9702755617;B
20240227;101348;198.2;40;9702755618;B
20240227;101349;198.2;10;9702755684;B
20240227;101349;198.2;40;9702755685;B
20240227;101350;198.2;200;9702755734;B
20240227;101351;198.16;10;9702755981;S
20240227;101352;198.18;10;9702756067;B
20240227;101353;198.18;110;9702756130;B
20240227;101355;198.18;30;9702756486;B
20240227;101355;198.2;10;9702756506;B
20240227;101355;198.18;60;9702756512;S
20240227;101356;198.18;10;9702756615;S
20240227;101358;198.18;200;9702756904;S
20240227;101359;198.2;30;9702756960;B
20240227;101359;198.2;10;9702756997;B
20240227;101400;198.2;30;9702757062;B
20240227;101400;198.2;1580;9702757063;B
20240227;101400;198.2;200;9702757064;B
20240227;101400;198.2;10;9702757065;B
20240227;101400;198.2;150;9702757066;B
20240227;101400;198.2;40;9702757067;B
20240227;101400;198.2;20;9702757068;B
20240227;101400;198.2;390;9702757069;B
20240227;101400;198.22;500;9702757072;B
20240227;101400;198.22;50;9702757073;B
20240227;101400;198.22;50;9702757074;B
20240227;101400;198.24;100;9702757142;B
20240227;101400;198.24;100;9702757143;B
20240227;101400;198.26;150;9702757144;B
20240227;101400;198.26;10;9702757145;B
20240227;101400;198.26;10;9702757146;B
20240227;101400;198.26;200;9702757147;B
20240227;101401;198.22;10;9702757264;S
20240227;101403;198.22;250;9702757418;S
20240227;101405;198.26;50;9702757681;B
20240227;101405;198.26;20;9702757793;B
20240227;101407;198.22;10;9702758017;S
20240227;101417;198.24;80;9702759577;S
20240227;101418;198.24;20;9702759770;S
20240227;101421;198.26;120;9702760344;B
20240227;101423;198.24;900;9702760653;S
20240227;101423;198.24;100;9702760654;S
20240227;101423;198.26;70;9702760688;B
20240227;101423;198.26;40;9702760689;B
20240227;101423;198.26;200;9702760690;B
20240227;101423;198.26;100;9702760691;B
20240227;101423;198.26;590;9702760692;B
20240227;101427;198.26;40;9702761311;B
20240227;101428;198.26;30;9702761372;S
20240227;101431;198.26;10;9702761838;S
20240227;101432;198.28;10;9702762015;B
20240227;101436;198.26;10;9702762575;S
20240227;101443;198.28;30;9702763765;B
20240227;101443;198.28;220;9702763766;B
20240227;101447;198.26;10;9702764366;S
20240227;101448;198.26;20;9702764402;S
20240227;101448;198.26;30;9702764403;S
20240227;101448;198.26;30;9702764404;S
20240227;101450;198.24;60;9702764913;S
20240227;101457;198.26;10;9702765747;B
20240227;101458;198.26;30;9702765900;B
20240227;101458;198.26;40;9702765901;B
20240227;101459;198.24;1580;9702766051;S
20240227;101500;198.24;420;9702766208;B
20240227;101500;198.26;160;9702766209;B
20240227;101500;198.26;620;9702766210;B
20240227;101500;198.22;20;9702766247;S
20240227;101502;198.26;10;9702766575;B
20240227;101504;198.26;500;9702766995;B
20240227;101507;198.24;20;9702767928;B
20240227;101507;198.24;10;9702767929;B
20240227;101508;198.24;300;9702767973;S
20240227;101508;198.24;140;9702768044;S
20240227;101508;198.22;250;9702768045;S
20240227;101508;198.2;50;9702768046;S
20240227;101508;198.2;360;9702768047;S
20240227;101512;198.2;10;9702769033;S
20240227;101519;198.2;10;9702770884;S
20240227;101519;198.2;20;9702771019;S
20240227;101521;198.24;20;9702771361;B
20240227;101521;198.24;250;9702771362;B
20240227;101521;198.26;200;9702771363;B
20240227;101521;198.26;530;9702771364;B
20240227;101521;198.26;70;9702771444;B
20240227;101521;198.28;140;9702771445;B
20240227;101522;198.2;10;9702771649;S
20240227;101525;198.26;10;9702772030;B
20240227;101525;198.2;80;9702772184;S
20240227;101537;198.2;20;9702774535;S
20240227;101537;198.18;20;9702774536;S
20240227;101542;198.16;20;9702775271;S
20240227;101542;198.16;30;9702775272;S
20240227;101542;198.14;110;9702775273;S
20240227;101543;198.14;400;9702775592;S
20240227;101546;198.12;10;9702776094;S
20240227;101551;198.12;30;9702777100;S
20240227;101555;198.12;20;9702778168;S
20240227;101557;198.12;100;9702778646;S
20240227;101604;198.12;80;9702779825;S
20240227;101606;198.18;10;9702780116;B
20240227;101606;198.18;10;9702780117;B
20240227;101606;198.18;20;9702780306;B
20240227;101606;198.18;10;9702780307;B
20240227;101606;198.2;170;9702780308;B
20240227;101609;198.2;10;9702780728;B
20240227;101609;198.2;20;9702780815;B
20240227;101609;198.2;20;9702780816;B
20240227;101609;198.2;20;9702780817;B
20240227;101609;198.22;510;9702780818;B
20240227;101609;198.24;200;9702780819;B
20240227;101609;198.24;980;9702780820;B
20240227;101611;198.26;30;9702781134;B
20240227;101612;198.26;50;9702781251;B
20240227;101613;198.24;30;9702781422;S
20240227;101613;198.26;10;9702781500;B
20240227;101617;198.24;30;9702781985;S
20240227;101618;198.24;10;9702782302;S
20240227;101618;198.26;10;9702782336;B
20240227;101619;198.24;4790;9702782424;S
20240227;101619;198.22;500;9702782425;S
20240227;101619;198.22;40;9702782426;S
20240227;101619;198.2;250;9702782427;S
20240227;101619;198.18;100;9702782428;S
20240227;101619;198.14;400;9702782429;S
20240227;101619;198.14;500;9702782430;S
20240227;101619;198.12;760;9702782431;S
20240227;101619;198.12;310;9702782432;S
20240227;101619;198.12;50;9702782433;S
20240227;101619;198.12;10;9702782434;S
20240227;101619;198.12;790;9702782435;S
20240227;101619;198.12;200;9702782436;S
20240227;101619;198.1;3300;9702782437;S
20240227;101620;198.12;170;9702782533;S
20240227;101627;198.12;100;9702783419;S
20240227;101642;198.14;100;9702785436;S
20240227;101643;198.14;50;9702785699;S
20240227;101644;198.18;10;9702785718;B
20240227;101644;198.18;10;9702785756;B
20240227;101647;198.14;380;9702786131;S
20240227;101650;198.14;10;9702786513;S
20240227;101650;198.18;210;9702786587;B
20240227;101650;198.18;300;9702786588;B
20240227;101653;198.18;10;9702786867;B
20240227;101653;198.14;70;9702786917;S
20240227;101656;198.18;10;9702787336;B
20240227;101658;198.18;10;9702787652;B
20240227;101702;198.14;610;9702787996;S
20240227;101702;198.12;50;9702787997;S
20240227;101702;198.12;240;9702787998;S
20240227;101702;198.1;13680;9702787999;S
20240227;101702;198.1;130;9702788000;S
20240227;101702;198.1;20;9702788001;S
20240227;101711;198.08;10;9702789372;B
20240227;101711;198.08;10;9702789373;B
20240227;101721;198.04;10;9702790673;S
20240227;101722;198.04;40;9702790762;S
20240227;101722;198;100;9702790763;S
20240227;101722;198;20;9702790764;S
20240227;101722;198;50;9702790765;S
20240227;101722;198;10;9702790766;S
20240227;101722;198;60;9702790767;S
20240227;101722;198;290;9702790768;S
20240227;101722;198;10;9702790769;S
20240227;101722;198;240;9702790770;S
20240227;101722;197.96;390;9702790771;S
20240227;101722;197.96;80;9702790772;S
20240227;101722;197.94;1310;9702790773;S
20240227;101725;197.94;430;9702791076;B
20240227;101728;197.94;10;9702791473;B
20240227;101729;197.94;560;9702791605;B
20240227;101729;197.96;240;9702791606;B
20240227;101731;198;30;9702791812;B
20240227;101743;198;10;9702793175;B
20240227;101744;197.92;10;9702793546;S
20240227;101744;197.9;10;9702793547;S
20240227;101744;197.9;10;9702793548;S
20240227;101750;197.88;50;9702794277;S
20240227;101750;197.86;10;9702794278;S
20240227;101750;197.86;360;9702794279;S
20240227;101750;197.86;330;9702794280;S
20240227;101750;197.86;220;9702794281;S
20240227;101750;197.84;230;9702794282;S
20240227;101750;197.84;10;9702794283;S
20240227;101750;197.84;10;9702794284;S
20240227;101750;197.84;10;9702794285;S
20240227;101750;197.84;50;9702794286;S
20240227;101750;197.84;720;9702794287;S
20240227;101751;197.94;120;9702794395;B
20240227;101751;197.96;140;9702794396;B
20240227;101751;197.98;1840;9702794397;B
20240227;101751;198;2900;9702794398;B
20240227;101755;197.98;30;9702794792;B
20240227;101756;197.88;270;9702794859;S
20240227;101756;197.88;330;9702794860;S
20240227;101756;197.86;1400;9702794861;S
20240227;101756;197.96;10;9702794933;B
20240227;101800;197.86;200;9702795318;S
20240227;101807;197.88;20;9702796250;S
20240227;101807;197.86;240;9702796251;S
20240227;101807;197.86;130;9702796252;S
20240227;101807;197.86;10;9702796253;S
20240227;101830;197.86;10;9702798842;S
20240227;101834;197.86;90;9702799215;S
20240227;101840;197.86;60;9702799828;S
20240227;101841;197.86;30;9702799961;S
20240227;101843;197.94;100;9702800153;B
20240227;101855;197.86;20;9702801288;S
20240227;101905;197.94;30;9702802359;B
20240227;101907;197.86;50;9702802526;S
20240227;101907;197.94;40;9702802529;B
20240227;101909;197.94;10;9702802813;B
20240227;101910;197.94;100;9702802857;B
20240227;101941;197.94;20;9702806047;B
20240227;101956;197.94;10;9702807720;B
20240227;101957;197.92;10;9702807842;S
20240227;101957;197.9;10;9702807843;S
20240227;101957;197.9;80;9702807844;S
20240227;101957;197.94;10;9702807970;B
20240227;102005;197.94;30;9702808984;B
20240227;102007;197.94;10;9702809353;B
20240227;102021;197.9;20;9702813576;S
20240227;102025;197.9;30;9702815398;S
20240227;102025;197.9;210;9702815399;S
20240227;102025;197.88;280;9702815400;S
20240227;102032;197.94;20;9702817386;B
20240227;102045;197.92;10;9702824223;S
20240227;102045;197.92;30;9702824258;S
20240227;102051;197.98;10;9702826321;B
20240227;102051;197.98;80;9702826322;B
20240227;102051;198;20;9702826323;B
20240227;102051;197.92;1480;9702826795;S
20240227;102052;197.92;300;9702827157;B
20240227;102055;197.92;430;9702827499;B
20240227;102055;197.96;60;9702827500;B
20240227;102103;197.92;10;9702830214;B
20240227;102122;197.92;10;9702836285;B
20240227;102135;197.92;30;9702840423;B
20240227;102135;197.92;230;9702840424;B
20240227;102144;197.92;30;9702843520;B
20240227;102144;197.92;240;9702843591;B
20240227;102145;197.96;20;9702843724;B
20240227;102145;197.96;80;9702843725;B
20240227;102145;198;2080;9702843726;B
20240227;102145;198;10;9702843727;B
20240227;102145;198;160;9702843728;B
20240227;102145;198.02;10;9702843729;B
20240227;102145;198.06;140;9702843730;B
20240227;102200;197.94;10;9702848408;S
20240227;102201;197.92;50;9702848804;S
20240227;102205;197.98;10;9702849201;B
20240227;102205;198;70;9702849202;B
20240227;102210;198.04;10;9702851877;B
20240227;102214;197.92;460;9702854091;S
20240227;102214;197.92;580;9702854092;S
20240227;102217;197.96;20;9702854720;S
20240227;102223;197.96;80;9702858416;S
20240227;102223;197.94;10;9702858417;S
20240227;102223;197.94;40;9702858418;S
20240227;102224;197.96;10;9702858536;S
20240227;102225;197.98;80;9702858854;B
20240227;102225;197.98;510;9702859284;S
20240227;102225;197.98;300;9702859285;S
20240227;102239;198;10;9702863585;B
20240227;102250;198;500;9702867417;B
20240227;102256;198;500;9702869571;B
20240227;102256;198;500;9702869572;B
20240227;102258;198.04;10;9702870535;B
20240227;102300;198.04;10;9702870997;B
20240227;102309;198.02;500;9702874550;B
20240227;102309;198.02;120;9702874551;B
20240227;102312;198.04;10;9702875151;B
20240227;102312;198.04;30;9702875153;B
20240227;102312;198.04;10;9702875154;B
20240227;102313;198.06;30;9702875423;B
20240227;102313;198.06;10;9702875424;B
20240227;102313;198.06;10;9702875425;B
20240227;102313;198.06;10;9702875426;B
20240227;102313;198.08;120;9702875427;B
20240227;102313;198.1;230;9702875428;B
20240227;102314;198.1;40;9702875635;B
20240227;102314;198.1;200;9702875636;B
20240227;102314;198.1;10;9702875637;B
20240227;102314;198.1;900;9702875638;B
20240227;102314;198.1;50;9702875639;B
20240227;102316;198.06;170;9702876386;S
20240227;102316;198.06;20;9702876467;S
20240227;102317;198.1;50;9702876540;B
20240227;102317;198.1;50;9702876541;B
20240227;102317;198.12;890;9702876542;B
20240227;102317;198.14;50;9702876544;B
20240227;102317;198.14;50;9702876545;B
20240227;102317;198.14;150;9702876546;B
20240227;102317;198.14;100;9702876547;B
20240227;102317;198.14;1220;9702876548;B
20240227;102318;198.14;100;9702877177;B
20240227;102318;198.14;400;9702877178;B
20240227;102318;198.16;10;9702877261;B
20240227;102318;198.16;100;9702877262;B
20240227;102318;198.16;20;9702877263;B
20240227;102318;198.16;370;9702877264;B
20240227;102319;198.18;1470;9702877873;B
20240227;102319;198.18;20;9702877874;B
20240227;102319;198.18;510;9702877875;B
20240227;102319;198.18;12490;9702877905;B
20240227;102319;198.2;200;9702877906;B
20240227;102319;198.2;10;9702877907;B
20240227;102319;198.2;10;9702877908;B
20240227;102319;198.22;10;9702877909;B
20240227;102319;198.24;40;9702877910;B
20240227;102319;198.24;400;9702877911;B
20240227;102319;198.24;10;9702877912;B
20240227;102319;198.26;40;9702877913;B
20240227;102319;198.26;20;9702877914;B
20240227;102319;198.26;50;9702877915;B
20240227;102319;198.24;100;9702877916;S
20240227;102319;198.28;2170;9702877917;B
20240227;102319;198.28;20;9702877918;B
20240227;102319;198.28;10;9702877919;B
20240227;102319;198.28;100;9702877920;B
20240227;102319;198.28;760;9702877921;B
20240227;102319;198.28;400;9702877922;B
20240227;102319;198.3;30;9702877923;B
20240227;102319;198.3;10;9702877924;B
20240227;102319;198.3;2000;9702877925;B
20240227;102319;198.3;10;9702877926;B
20240227;102319;198.3;1000;9702877927;B
20240227;102319;198.3;20;9702877928;B
20240227;102319;198.3;10;9702877929;B
20240227;102320;198.28;10;9702878265;S
20240227;102324;198.32;10;9702878871;B
20240227;102325;198.32;10;9702879022;B
20240227;102325;198.32;10;9702879023;B
20240227;102325;198.34;50;9702879024;B
20240227;102325;198.34;10;9702879025;B
20240227;102325;198.34;50;9702879026;B
20240227;102325;198.34;20;9702879027;B
20240227;102325;198.34;100;9702879028;B
20240227;102325;198.34;200;9702879029;B
20240227;102325;198.34;480;9702879030;B
20240227;102325;198.36;1070;9702879031;B
20240227;102325;198.3;10;9702879127;S
20240227;102326;198.36;200;9702879173;B
20240227;102331;198.3;10;9702881714;S
20240227;102332;198.3;30;9702881794;S
20240227;102332;198.3;180;9702881795;S
20240227;102332;198.28;220;9702881796;S
20240227;102333;198.26;10;9702882460;S
20240227;102343;198.3;20;9702885487;B
20240227;102343;198.3;300;9702885488;B
20240227;102351;198.24;10;9702888078;S
20240227;102351;198.24;10;9702888079;B
20240227;102356;198.3;200;9702889449;B
20240227;102356;198.3;20;9702889450;B
20240227;102356;198.3;500;9702889451;B
20240227;102356;198.3;220;9702889452;B
20240227;102356;198.28;10;9702889554;S
20240227;102403;198.28;10;9702891984;B
20240227;102403;198.26;20;9702892025;S
20240227;102403;198.24;10;9702892041;S
20240227;102405;198.28;510;9702892865;B
20240227;102405;198.3;1100;9702892939;B
20240227;102405;198.3;90;9702892940;B
20240227;102405;198.28;10;9702893093;S
20240227;102415;198.32;20;9702897588;B
20240227;102415;198.32;180;9702897646;B
20240227;102415;198.32;900;9702897647;B
20240227;102415;198.34;30;9702897648;B
20240227;102415;198.34;200;9702897649;B
20240227;102415;198.34;240;9702897650;B
20240227;102415;198.36;5080;9702897652;B
20240227;102415;198.36;30;9702897653;B
20240227;102415;198.36;20;9702897654;B
20240227;102415;198.36;20;9702897655;B
20240227;102415;198.36;30;9702897656;B
20240227;102415;198.36;20;9702897657;B
20240227;102415;198.38;100;9702897659;B
20240227;102415;198.38;10;9702897660;B
20240227;102415;198.38;50;9702897661;B
20240227;102415;198.38;50;9702897662;B
20240227;102415;198.38;240;9702897663;B
20240227;102415;198.4;50;9702897675;B
20240227;102415;198.4;10;9702897676;B
20240227;102415;198.4;50;9702897677;B
20240227;102415;198.4;10;9702897678;B
20240227;102415;198.4;20;9702897679;B
20240227;102415;198.4;1000;9702897680;B
20240227;102415;198.4;50;9702897681;B
20240227;102415;198.4;8440;9702897682;B
20240227;102415;198.4;20;9702897683;B
20240227;102415;198.4;10;9702897684;B
20240227;102415;198.4;30;9702897685;B
20240227;102415;198.44;100;9702897686;B
20240227;102415;198.46;10;9702897770;B
20240227;102416;198.46;90;9702897858;B
20240227;102416;198.46;160;9702897859;B
20240227;102416;198.46;770;9702897860;B
20240227;102416;198.48;40;9702897864;B
20240227;102416;198.48;100;9702897865;B
20240227;102416;198.48;10;9702897866;B
20240227;102416;198.5;50;9702897871;B
20240227;102416;198.48;30;9702897897;S
20240227;102417;198.44;220;9702898090;B
20240227;102417;198.46;10;9702898144;B
20240227;102417;198.48;380;9702898145;B
20240227;102417;198.42;10;9702898175;S
20240227;102418;198.48;30;9702898278;B
20240227;102418;198.48;30;9702898801;S
20240227;102418;198.46;500;9702898802;S
20240227;102418;198.42;330;9702898803;S
20240227;102418;198.34;240;9702898804;S
20240227;102419;198.44;40;9702899009;S
20240227;102419;198.44;10;9702899010;S
20240227;102423;198.46;40;9702900568;B
20240227;102423;198.48;50;9702900569;B
20240227;102423;198.48;210;9702900570;B
20240227;102429;198.48;20;9702902821;B
20240227;102429;198.5;20;9702902822;B
20240227;102429;198.5;10;9702902823;B
20240227;102429;198.5;60;9702902824;B
20240227;102430;198.44;10;9702903778;S
20240227;102431;198.4;10;9702903794;S
20240227;102434;198.48;120;9702905319;B
20240227;102434;198.48;1700;9702905320;B
20240227;102434;198.5;10;9702905321;B
20240227;102434;198.5;100;9702905322;B
20240227;102434;198.5;40;9702905323;B
20240227;102434;198.5;10;9702905324;B
20240227;102434;198.5;50;9702905325;B
20240227;102434;198.5;50;9702905326;B
20240227;102434;198.5;4000;9702905327;B
20240227;102434;198.5;10;9702905328;B
20240227;102434;198.5;40;9702905329;B
20240227;102434;198.5;10;9702905330;B
20240227;102434;198.5;10;9702905331;B
20240227;102434;198.5;100;9702905332;B
20240227;102434;198.5;60;9702905333;B
20240227;102434;198.5;130;9702905334;B
20240227;102434;198.5;500;9702905335;B
20240227;102434;198.5;400;9702905336;B
20240227;102434;198.5;20;9702905337;B
20240227;102434;198.52;10;9702905338;B
20240227;102434;198.54;10;9702905339;B
20240227;102434;198.56;200;9702905340;B
20240227;102434;198.56;110;9702905341;B
20240227;102434;198.56;1250;9702905342;B
20240227;102434;198.58;40;9702905343;B
20240227;102434;198.58;1000;9702905344;B
20240227;102434;198.58;20;9702905345;B
20240227;102438;198.58;20;9702906190;B
20240227;102438;198.58;60;9702906191;B
20240227;102441;198.5;10;9702906556;S
20240227;102441;198.5;30;9702906559;S
20240227;102443;198.48;10;9702907376;S
20240227;102445;198.56;10;9702908540;B
20240227;102448;198.56;10;9702909402;B
20240227;102450;198.5;60;9702909887;S
20240227;102451;198.48;80;9702910038;S
20240227;102451;198.56;10;9702911049;B
20240227;102454;198.54;50;9702912017;B
20240227;102454;198.54;50;9702912018;B
20240227;102457;198.44;120;9702912850;S
20240227;102500;198.44;10;9702914404;S
20240227;102508;198.44;10;9702915826;S
20240227;102515;198.5;10;9702919419;B
20240227;102515;198.52;140;9702919420;B
20240227;102515;198.54;200;9702919421;B
20240227;102515;198.54;1520;9702919422;B
20240227;102515;198.56;190;9702919423;B
20240227;102515;198.56;20;9702919424;B
20240227;102515;198.56;100;9702919425;B
20240227;102515;198.58;40;9702919426;B
20240227;102515;198.58;200;9702919427;B
20240227;102515;198.58;240;9702919428;B
20240227;102515;198.58;20;9702919429;B
20240227;102515;198.58;50;9702919430;B
20240227;102515;198.58;20;9702919431;B
20240227;102515;198.6;530;9702919432;B
20240227;102516;198.52;10;9702919896;S
20240227;102520;198.48;500;9702922158;S
20240227;102520;198.48;330;9702922159;S
20240227;102520;198.48;170;9702922160;S
20240227;102531;198.48;30;9702927206;S
20240227;102533;198.48;170;9702928380;S
20240227;102533;198.48;80;9702928381;S
20240227;102534;198.48;70;9702928441;S
20240227;102534;198.48;300;9702928535;B
20240227;102535;198.5;10;9702928611;B
20240227;102536;198.5;10;9702929065;B
20240227;102538;198.48;10;9702929901;S
20240227;102539;198.48;100;9702930224;S
20240227;102545;198.46;20;9702932303;B
20240227;102546;198.46;10;9702933071;B
20240227;102546;198.48;60;9702933072;B
20240227;102549;198.5;90;9702934162;B
20240227;102552;198.48;20;9702935444;S
20240227;102554;198.48;10;9702935649;S
20240227;102557;198.5;10;9702937089;B
20240227;102600;198.48;10;9702938058;S
20240227;102600;198.48;20;9702938059;S
20240227;102600;198.48;20;9702938060;S
20240227;102600;198.48;50;9702938110;S
20240227;102600;198.48;10;9702938143;S
20240227;102601;198.5;80;9702938615;B
20240227;102601;198.5;20;9702938616;B
20240227;102601;198.5;60;9702938659;B
20240227;102604;198.5;100;9702939555;B
20240227;102606;198.5;30;9702939744;B
20240227;102607;198.5;10;9702940154;B
20240227;102612;198.5;10;9702941633;B
20240227;102615;198.5;20;9702942078;B
20240227;102615;198.5;10;9702942079;B
20240227;102615;198.52;170;9702942080;B
20240227;102617;198.52;50;9702942673;B
20240227;102621;198.5;320;9702944227;S
20240227;102621;198.5;20;9702944452;S
20240227;102622;198.52;30;9702945050;B
20240227;102622;198.52;10;9702945051;B
20240227;102622;198.52;10;9702945052;B
20240227;102622;198.56;150;9702945053;B
20240227;102630;198.56;50;9702947273;B
20240227;102630;198.56;300;9702947274;B
20240227;102631;198.52;10;9702947432;S
20240227;102643;198.52;10;9702949458;B
20240227;102644;198.52;30;9702949489;B
20240227;102655;198.54;30;9702950969;B
20240227;102655;198.5;50;9702951081;S
20240227;102658;198.54;200;9702951331;B
20240227;102700;198.54;10;9702951562;B
20240227;102700;198.5;200;9702951641;S
20240227;102708;198.54;700;9702952911;B
20240227;102709;198.54;10;9702953217;B
20240227;102716;198.54;10;9702954142;B
20240227;102730;198.54;180;9702956769;B
20240227;102730;198.54;100;9702956770;B
20240227;102730;198.54;270;9702956771;B
20240227;102731;198.54;20;9702956873;B
20240227;102738;198.54;10;9702958158;B
20240227;102740;198.52;10;9702958679;S
20240227;102740;198.52;10;9702958680;S
20240227;102740;198.52;10;9702958681;S
20240227;102740;198.52;10;9702958682;S
20240227;102740;198.52;10;9702958683;S
20240227;102740;198.52;10;9702958684;S
20240227;102740;198.52;10;9702958685;S
20240227;102740;198.52;60;9702958686;S
20240227;102740;198.5;30;9702958687;S
20240227;102740;198.52;10;9702958713;S
20240227;102740;198.52;10;9702958714;S
20240227;102740;198.52;10;9702958715;S
20240227;102740;198.52;10;9702958716;S
20240227;102740;198.52;10;9702958717;S
20240227;102740;198.52;60;9702958718;S
20240227;102740;198.5;890;9702958719;S
20240227;102741;198.52;10;9702958851;S
20240227;102742;198.54;20;9702958985;B
20240227;102747;198.52;10;9702959600;S
20240227;102749;198.54;20;9702959903;B
20240227;102753;198.52;50;9702960384;S
20240227;102753;198.52;10;9702960385;S
20240227;102753;198.5;10;9702960386;S
20240227;102753;198.52;60;9702960405;B
20240227;102753;198.52;60;9702960413;B
20240227;102753;198.52;60;9702960419;B
20240227;102753;198.52;60;9702960429;B
20240227;102753;198.52;60;9702960432;B
20240227;102753;198.52;30;9702960435;B
20240227;102753;198.52;30;9702960436;B
20240227;102755;198.52;30;9702960615;S
20240227;102755;198.54;10;9702960625;B
20240227;102755;198.52;10;9702960665;S
20240227;102755;198.52;20;9702960675;S
20240227;102755;198.52;40;9702960697;B
20240227;102755;198.52;10;9702960702;S
20240227;102756;198.5;100;9702960893;S
20240227;102759;198.52;20;9702961362;B
20240227;102802;198.5;10;9702961728;S
20240227;102806;198.5;560;9702962303;S
20240227;102808;198.5;1820;9702962666;S
20240227;102808;198.5;990;9702962667;S
20240227;102809;198.5;10;9702962768;S
20240227;102810;198.5;470;9702962851;S
20240227;102810;198.5;10;9702962852;S
20240227;102810;198.5;20;9702962853;S
20240227;102810;198.5;500;9702962854;S
20240227;102810;198.5;120;9702962958;S
20240227;102810;198.5;930;9702962959;S
20240227;102816;198.52;10;9702963847;B
20240227;102821;198.52;20;9702964405;B
20240227;102821;198.52;170;9702964406;B
20240227;102821;198.52;50;9702964407;B
20240227;102821;198.54;150;9702964408;B
20240227;102821;198.54;100;9702964409;B
20240227;102821;198.54;30;9702964410;B
20240227;102821;198.54;510;9702964411;B
20240227;102821;198.56;2850;9702964412;B
20240227;102821;198.56;500;9702964413;B
20240227;102821;198.56;10;9702964414;B
20240227;102821;198.56;30;9702964415;B
20240227;102821;198.58;80;9702964416;B
20240227;102821;198.58;20;9702964440;B
20240227;102821;198.58;10;9702964441;B
20240227;102821;198.58;40;9702964442;B
20240227;102822;198.5;40;9702964717;S
20240227;102823;198.5;500;9702964812;S
20240227;102826;198.52;1000;9702965324;S
20240227;102832;198.58;10;9702966018;B
20240227;102832;198.58;10;9702966155;B
20240227;102832;198.52;10;9702966192;S
20240227;102833;198.58;50;9702966256;B
20240227;102834;198.58;30;9702966409;B
20240227;102834;198.58;20;9702966410;B
20240227;102834;198.52;10;9702966445;S
20240227;102835;198.58;200;9702966536;B
20240227;102835;198.58;30;9702966537;B
20240227;102835;198.58;10;9702966538;B
20240227;102835;198.58;10;9702966539;B
20240227;102837;198.52;250;9702966650;S
20240227;102837;198.52;500;9702966682;S
20240227;102840;198.6;200;9702967005;B
20240227;102840;198.6;50;9702967016;B
20240227;102844;198.54;1000;9702967517;S
20240227;102846;198.6;10;9702967756;B
20240227;102847;198.52;10;9702968029;S
20240227;102853;198.58;10;9702968892;B
20240227;102904;198.58;110;9702970216;B
20240227;102904;198.58;180;9702970217;B
20240227;102904;198.6;210;9702970218;B
20240227;102904;198.6;300;9702970219;B
20240227;102905;198.6;1000;9702970323;B
20240227;102912;198.56;10;9702971291;S
20240227;102913;198.6;10;9702971499;B
20240227;102913;198.6;20;9702971532;B
20240227;102914;198.58;30;9702971691;B
20240227;102914;198.6;8670;9702971692;B
20240227;102914;198.6;60;9702971693;B
20240227;102914;198.6;40;9702971694;B
20240227;102914;198.6;40;9702971695;B
20240227;102914;198.6;20;9702971696;B
20240227;102914;198.6;10;9702971697;B
20240227;102914;198.6;10;9702971698;B
20240227;102914;198.6;50;9702971699;B
20240227;102914;198.6;260;9702971700;B
20240227;102914;198.6;3500;9702971701;B
20240227;102914;198.6;20;9702971702;B
20240227;102914;198.62;3540;9702971703;B
20240227;102914;198.62;960;9702971704;B
20240227;102914;198.62;120;9702971705;B
20240227;102914;198.64;520;9702971706;B
20240227;102914;198.64;10;9702971707;B
20240227;102914;198.64;10;9702971708;B
20240227;102914;198.64;100;9702971709;B
20240227;102914;198.68;10;9702971710;B
20240227;102914;198.68;10;9702971711;B
20240227;102914;198.68;70;9702971712;B
20240227;102914;198.7;10;9702971770;B
20240227;102914;198.7;10;9702971771;B
20240227;102915;198.64;40;9702971867;S
20240227;102915;198.7;10;9702971869;B
20240227;102915;198.7;10;9702971870;B
20240227;102915;198.7;110;9702971871;B
20240227;102915;198.7;30;9702972043;B
20240227;102917;198.7;10;9702972206;B
20240227;102917;198.7;20;9702972207;B
20240227;102919;198.74;10;9702972437;B
20240227;102919;198.74;20;9702972438;B
20240227;102919;198.74;300;9702972439;B
20240227;102919;198.76;20;9702972440;B
20240227;102919;198.76;250;9702972441;B
20240227;102919;198.78;20;9702972442;B
20240227;102919;198.78;10;9702972443;B
20240227;102919;198.78;500;9702972444;B
20240227;102919;198.8;10;9702972445;B
20240227;102919;198.8;10;9702972446;B
20240227;102919;198.8;850;9702972447;B
20240227;102919;198.8;1650;9702972449;B
20240227;102919;198.8;60;9702972450;B
20240227;102919;198.8;100;9702972451;B
20240227;102919;198.8;10;9702972452;B
20240227;102919;198.8;1680;9702972453;B
20240227;102919;198.8;10;9702972454;B
20240227;102919;198.8;60;9702972466;B
20240227;102920;198.8;600;9702972516;B
20240227;102920;198.8;500;9702972518;B
20240227;102920;198.8;240;9702972537;B
20240227;102920;198.74;20;9702972622;S
20240227;102920;198.72;100;9702972717;S
20240227;102925;198.8;90;9702973425;B
20240227;102925;198.76;10;9702973515;S
20240227;102926;198.8;1000;9702973730;B
20240227;102926;198.8;820;9702973731;B
20240227;102930;198.8;250;9702974598;B
20240227;102930;198.8;60;9702974599;B
20240227;102930;198.8;20;9702974600;B
20240227;102930;198.8;10;9702974601;B
20240227;102930;198.8;100;9702974602;B
20240227;102930;198.8;20;9702974603;B
20240227;102930;198.8;3000;9702974604;B
20240227;102930;198.82;10;9702974610;B
20240227;102930;198.82;40;9702974611;B
20240227;102930;198.82;50;9702974612;B
20240227;102930;198.8;20;9702974647;S
20240227;102932;198.78;10;9702974994;B
20240227;102933;198.78;10;9702975092;S
20240227;102937;198.8;190;9702975678;S
20240227;102938;198.78;30;9702975964;B
20240227;102939;198.78;1220;9702976034;B
20240227;102939;198.8;1060;9702976094;B
20240227;102939;198.82;440;9702976095;B
20240227;102943;198.8;10;9702976542;B
20240227;102947;198.8;10;9702977249;B
20240227;102948;198.78;10;9702977493;B
20240227;102951;198.8;130;9702977724;B
20240227;102951;198.8;50;9702977725;B
20240227;102951;198.8;100;9702977726;B
20240227;102952;198.84;30;9702977796;B
20240227;102952;198.84;250;9702977797;B
20240227;102952;198.84;20;9702977798;B
20240227;102952;198.84;30;9702977799;B
20240227;102952;198.82;20;9702977830;S
20240227;102953;198.8;60;9702977899;S
20240227;102958;198.84;50;9702978396;B
20240227;102959;198.84;10;9702978471;B
20240227;102959;198.84;10;9702978493;S
20240227;103000;198.84;10;9702978841;S
20240227;103001;198.82;10;9702979004;S
20240227;103002;198.84;10;9702979097;B
20240227;103002;198.86;30;9702979098;B
20240227;103002;198.86;160;9702979099;B
20240227;103005;198.82;30;9702979701;S
20240227;103005;198.82;510;9702979702;S
20240227;103005;198.82;180;9702979703;S
20240227;103005;198.8;3410;9702979704;S
20240227;103005;198.8;10;9702979705;S
20240227;103005;198.8;70;9702979826;B
20240227;103005;198.8;90;9702980041;B
20240227;103006;198.82;50;9702980058;B
20240227;103006;198.82;40;9702980077;B
20240227;103006;198.8;10;9702980145;S
20240227;103007;198.8;10;9702980267;S
20240227;103010;198.8;50;9702981057;S
20240227;103010;198.8;10;9702981080;S
20240227;103012;198.8;20;9702981400;S
20240227;103014;198.8;10;9702981934;S
20240227;103018;198.76;60;9702982623;S
20240227;103018;198.76;10;9702982624;S
20240227;103019;198.76;10;9702982793;B
20240227;103020;198.7;50;9702982850;S
20240227;103026;198.76;20;9702983480;B
20240227;103031;198.74;10;9702984144;B
20240227;103032;198.74;10;9702984246;B
20240227;103034;198.68;200;9702984511;S
20240227;103034;198.68;90;9702984512;S
20240227;103034;198.66;10;9702984537;S
20240227;103035;198.62;10;9702984577;S
20240227;103038;198.6;2190;9702985188;S
20240227;103038;198.66;200;9702985212;B
20240227;103038;198.72;300;9702985213;B
20240227;103038;198.62;70;9702985216;S
20240227;103038;198.62;160;9702985217;S
20240227;103038;198.6;410;9702985218;S
20240227;103038;198.6;30;9702985219;S
20240227;103038;198.72;20;9702985264;B
20240227;103041;198.72;600;9702985654;B
20240227;103049;198.66;10;9702987431;S
20240227;103057;198.66;160;9702988898;S
20240227;103057;198.64;1840;9702988899;S
20240227;103057;198.64;510;9702988900;S
20240227;103057;198.62;400;9702988901;S
20240227;103057;198.6;1590;9702988902;S
20240227;103057;198.7;20;9702988904;B
20240227;103057;198.7;10;9702988930;B
20240227;103058;198.64;100;9702989055;B
20240227;103102;198.64;10;9702989696;B
20240227;103106;198.64;10;9702990197;B
20240227;103106;198.64;160;9702990258;S
20240227;103112;198.6;120;9702990997;S
20240227;103115;198.62;510;9702991861;S
20240227;103115;198.6;450;9702991862;S
20240227;103117;198.62;60;9702992328;S
20240227;103122;198.6;100;9702993045;S
20240227;103122;198.6;90;9702993106;S
20240227;103128;198.62;200;9702994121;B
20240227;103128;198.62;10;9702994296;B
20240227;103129;198.6;350;9702994338;S
20240227;103130;198.6;730;9702994486;S
20240227;103131;198.6;1000;9702994537;S
20240227;103133;198.6;10;9702994685;S
20240227;103133;198.6;10;9702994746;S
20240227;103134;198.6;280;9702994823;S
20240227;103134;198.6;2000;9702994988;S
20240227;103135;198.62;50;9702995291;B
20240227;103137;198.6;30;9702995654;S
20240227;103137;198.62;50;9702995703;B
20240227;103137;198.6;50;9702995749;S
20240227;103142;198.6;40;9702996651;S
20240227;103142;198.6;10;9702996766;S
20240227;103143;198.6;200;9702997008;S
20240227;103144;198.62;50;9702997177;B
20240227;103145;198.62;10;9702997401;B
20240227;103146;198.6;20;9702997686;S
20240227;103147;198.6;300;9702997938;S
20240227;103147;198.6;300;9702998013;S
20240227;103148;198.62;90;9702998249;B
20240227;103148;198.62;150;9702998250;B
20240227;103148;198.62;560;9702998251;B
20240227;103153;198.62;50;9702999162;B
20240227;103201;198.6;7000;9703000062;S
20240227;103204;198.62;90;9703000446;B
20240227;103209;198.62;20;9703001233;B
20240227;103210;198.62;10;9703001450;B
20240227;103218;198.6;200;9703002355;S
20240227;103219;198.6;10;9703002409;S
20240227;103220;198.62;60;9703002479;B
20240227;103220;198.62;190;9703002480;B
20240227;103222;198.62;20;9703002925;B
20240227;103222;198.62;40;9703002926;B
20240227;103222;198.62;40;9703002927;B
20240227;103224;198.66;50;9703003116;B
20240227;103229;198.66;30;9703003672;B
20240227;103230;198.64;300;9703003727;S
20240227;103230;198.64;10;9703003728;S
20240227;103230;198.64;20;9703003729;S
20240227;103230;198.64;10;9703003730;S
20240227;103230;198.64;1150;9703003760;S
20240227;103231;198.66;230;9703003836;B
20240227;103231;198.66;770;9703003837;B
20240227;103237;198.7;20;9703004704;B
20240227;103237;198.7;460;9703004705;B
20240227;103237;198.7;20;9703004706;B
20240227;103237;198.7;300;9703004707;B
20240227;103238;198.72;260;9703004915;B
20240227;103238;198.72;30;9703005047;B
20240227;103238;198.72;230;9703005048;B
20240227;103240;198.76;180;9703005239;B
20240227;103240;198.76;200;9703005445;B
20240227;103240;198.76;50;9703005446;B
20240227;103240;198.78;50;9703005450;B
20240227;103240;198.78;180;9703005451;B
20240227;103241;198.8;100;9703005477;B
20240227;103241;198.8;200;9703005478;B
20240227;103241;198.8;10;9703005479;B
20240227;103241;198.8;200;9703005480;B
20240227;103241;198.8;3000;9703005481;B
20240227;103241;198.8;100;9703005482;B
20240227;103241;198.8;1440;9703005483;B
20240227;103241;198.8;1250;9703005484;B
20240227;103241;198.82;100;9703005532;B
20240227;103241;198.82;5900;9703005533;B
20240227;103241;198.84;10;9703005534;B
20240227;103241;198.84;30;9703005535;B
20240227;103241;198.84;20;9703005536;B
20240227;103241;198.84;20;9703005537;B
20240227;103241;198.86;10;9703005539;B
20240227;103241;198.86;50;9703005540;B
20240227;103241;198.88;10;9703005598;B
20240227;103241;198.88;10;9703005599;B
20240227;103241;198.88;10;9703005600;B
20240227;103241;198.9;10;9703005602;B
20240227;103241;198.9;50;9703005608;B
20240227;103241;198.9;10;9703005609;B
20240227;103241;198.9;50;9703005610;B
20240227;103241;198.9;60;9703005611;B
20240227;103241;198.9;130;9703005612;B
20240227;103241;198.9;100;9703005613;B
20240227;103241;198.9;410;9703005614;B
20240227;103241;198.9;10;9703005615;B
20240227;103241;198.9;5000;9703005616;B
20240227;103241;198.9;800;9703005617;B
20240227;103241;198.9;1250;9703005618;B
20240227;103241;198.92;10;9703005636;B
20240227;103241;198.92;10;9703005637;B
20240227;103241;198.92;100;9703005638;B
20240227;103241;198.92;50;9703005639;B
20240227;103241;198.92;200;9703005640;B
20240227;103241;198.94;20;9703005641;B
20240227;103241;198.94;20;9703005642;B
20240227;103241;198.94;500;9703005643;B
20240227;103241;198.94;10;9703005644;B
20240227;103241;198.94;80;9703005645;B
20240227;103241;198.94;920;9703005658;B
20240227;103241;198.94;50;9703005659;B
20240227;103241;198.96;130;9703005660;B
20240227;103242;198.96;120;9703005666;B
20240227;103242;198.96;880;9703005667;B
20240227;103242;198.92;10;9703005669;S
20240227;103242;198.9;50;9703005670;S
20240227;103242;198.96;3000;9703005671;B
20240227;103242;198.96;1100;9703005724;B
20240227;103242;198.96;1000;9703005728;B
20240227;103242;198.9;50;9703005738;S
20240227;103242;198.94;730;9703005744;B
20240227;103242;198.96;2270;9703005745;B
20240227;103242;198.96;170;9703005746;B
20240227;103242;198.96;10;9703005747;B
20240227;103242;198.96;260;9703005750;B
20240227;103242;198.96;30;9703005762;B
20240227;103242;198.96;250;9703005763;B
20240227;103242;198.96;50;9703005764;B
20240227;103242;198.96;300;9703005765;B
20240227;103242;198.96;60;9703005766;B
20240227;103242;198.96;30;9703005767;B
20240227;103242;198.98;10;9703005768;B
20240227;103242;198.98;100;9703005769;B
20240227;103242;198.98;270;9703005770;B
20240227;103242;198.98;10;9703005772;B
20240227;103242;198.98;3000;9703005773;B
20240227;103242;198.98;340;9703005822;B
20240227;103242;198.98;380;9703005823;B
20240227;103242;198.98;300;9703005824;B
20240227;103242;198.98;190;9703005825;B
20240227;103242;198.98;50;9703005826;B
20240227;103242;199;20;9703005827;B
20240227;103242;199;40;9703005828;B
20240227;103242;199;20;9703005829;B
20240227;103242;199;10;9703005856;B
20240227;103242;199;120;9703005861;B
20240227;103242;199;190;9703005862;B
20240227;103242;199;10;9703005863;B
20240227;103242;199;1000;9703005864;B
20240227;103242;199;10;9703005865;B
20240227;103242;199;100;9703005866;B
20240227;103242;199;50;9703005867;B
20240227;103242;199;30;9703005868;B
20240227;103242;199;1000;9703005869;B
20240227;103242;199;50;9703005870;B
20240227;103242;199;100;9703005871;B
20240227;103242;199;340;9703005872;B
20240227;103242;199;1000;9703005873;B
20240227;103242;199;10;9703005876;B
20240227;103243;199;60;9703005890;B
20240227;103243;199;10;9703005897;B
20240227;103243;198.92;70;9703005946;S
20240227;103243;199;10;9703005947;B
20240227;103243;199;1000;9703005948;B
20240227;103243;198.92;10;9703005952;S
20240227;103243;199;150;9703005959;B
20240227;103243;199;300;9703005981;B
20240227;103243;199;50;9703005982;B
20240227;103244;199;50;9703006024;B
20240227;103244;199;4780;9703006025;B
20240227;103244;199;50;9703006041;B
20240227;103244;199;1110;9703006063;B
20240227;103244;199;1080;9703006093;B
20240227;103244;199;30;9703006094;B
20240227;103244;199;40;9703006096;B
20240227;103244;199;10;9703006097;B
20240227;103244;199;10;9703006098;B
20240227;103244;199;10;9703006099;B
20240227;103244;199;10;9703006100;B
20240227;103244;199;10;9703006101;B
20240227;103244;199;20;9703006102;B
20240227;103244;199;10;9703006103;B
20240227;103244;199;500;9703006104;B
20240227;103244;199;100;9703006105;B
20240227;103244;199;20;9703006106;B
20240227;103244;199;260;9703006107;B
20240227;103244;199;140;9703006122;B
20240227;103244;199;10;9703006123;B
20240227;103244;199;20;9703006124;B
20240227;103244;199;10;9703006125;B
20240227;103244;199;100;9703006126;B
20240227;103244;199;10;9703006127;B
20240227;103244;199;250;9703006128;B
20240227;103244;199;100;9703006129;B
20240227;103244;199;360;9703006130;B
20240227;103244;199;10;9703006131;B
20240227;103244;199;630;9703006134;B
20240227;103244;199;10;9703006135;B
20240227;103244;199;10;9703006136;B
20240227;103244;199;100;9703006137;B
20240227;103244;199;10;9703006138;B
20240227;103244;199;10;9703006139;B
20240227;103244;199;340;9703006140;B
20240227;103245;199;660;9703006240;B
20240227;103245;199;340;9703006241;B
20240227;103245;199;160;9703006242;B
20240227;103245;199;20;9703006243;B
20240227;103245;199;10;9703006244;B
20240227;103245;199;10;9703006245;B
20240227;103245;198.98;10;9703006264;S
20240227;103246;199;40;9703006336;B
20240227;103246;199;2250;9703006337;B
20240227;103246;199;170;9703006338;B
20240227;103246;199;10;9703006339;B
20240227;103246;199;60;9703006340;B
20240227;103246;199;10;9703006341;B
20240227;103246;199;10;9703006342;B
20240227;103246;199;10;9703006343;B
20240227;103246;199;30;9703006344;B
20240227;103246;199;20;9703006345;B
20240227;103246;199;100;9703006346;B
20240227;103246;199;10;9703006347;B
20240227;103246;199;250;9703006348;B
20240227;103246;199;10;9703006349;B
20240227;103246;199;130;9703006350;B
20240227;103246;199;20;9703006351;B
20240227;103246;199;20;9703006352;B
20240227;103246;199;300;9703006353;B
20240227;103246;199;10;9703006354;B
20240227;103246;199;10;9703006355;B
20240227;103246;199;80;9703006356;B
20240227;103246;199;10;9703006357;B
20240227;103246;199;10;9703006358;B
20240227;103246;199;30;9703006359;B
20240227;103246;199;10;9703006360;B
20240227;103246;199;80;9703006361;B
20240227;103246;199;10;9703006362;B
20240227;103246;199.04;30;9703006363;B
20240227;103246;199.04;10;9703006440;B
20240227;103246;199.04;10;9703006534;B
20240227;103246;199.02;10;9703006564;B
20240227;103246;199.04;20;9703006569;B
20240227;103246;199.04;500;9703006570;B
20240227;103246;199.04;250;9703006571;B
20240227;103246;199.08;90;9703006572;B
20240227;103246;199.02;10;9703006594;S
20240227;103246;199.08;50;9703006600;B
20240227;103246;199.08;80;9703006601;B
20240227;103246;199.04;20;9703006609;S
20240227;103246;199.08;80;9703006625;B
20240227;103247;199.08;200;9703006640;B
20240227;103247;199.1;50;9703006641;B
20240227;103247;199.1;50;9703006642;B
20240227;103247;199.12;50;9703006643;B
20240227;103247;199.12;40;9703006644;B
20240227;103247;199.12;20;9703006655;B
20240227;103247;199.1;60;9703006657;B
20240227;103247;199.12;60;9703006765;B
20240227;103247;199.12;250;9703006783;B
20240227;103247;199.12;20;9703006784;B
20240227;103247;199.1;10;9703006806;S
20240227;103247;199.12;60;9703006809;B
20240227;103247;199.16;20;9703006810;B
20240227;103247;199.16;500;9703006811;B
20240227;103247;199.16;220;9703006812;B
20240227;103247;199.14;110;9703006813;B
20240227;103248;199.1;10;9703006820;S
20240227;103248;199.12;10;9703006874;S
20240227;103248;199.12;10;9703006875;B
20240227;103248;199.12;90;9703006877;B
20240227;103248;199.14;1010;9703006878;B
20240227;103248;199.12;10;9703006952;S
20240227;103249;199.12;30;9703007032;S
20240227;103249;199.12;20;9703007033;S
20240227;103249;199.12;40;9703007122;S
20240227;103249;199.12;20;9703007123;S
20240227;103250;199.12;10;9703007233;B
20240227;103250;199.1;100;9703007288;S
20240227;103251;199.1;140;9703007317;S
20240227;103251;199.1;100;9703007318;S
20240227;103252;199;10;9703007618;S
20240227;103253;198.98;40;9703007647;S
20240227;103253;198.98;10;9703007648;S
20240227;103253;198.98;10;9703007713;S
20240227;103253;198.96;10;9703007714;S
20240227;103253;198.96;10;9703007715;S
20240227;103253;198.94;200;9703007716;S
20240227;103253;198.94;240;9703007717;S
20240227;103253;198.94;330;9703007718;S
20240227;103255;199;10;9703008033;B
20240227;103300;198.9;10;9703008884;B
20240227;103301;198.9;90;9703009001;B
20240227;103301;198.96;10;9703009002;B
20240227;103303;198.88;20;9703009337;S
20240227;103304;198.88;20;9703009513;S
20240227;103305;198.94;10;9703009862;B
20240227;103305;198.96;120;9703009863;B
20240227;103307;198.98;130;9703010159;B
20240227;103313;198.96;10;9703010876;B
20240227;103313;198.96;20;9703010914;B
20240227;103314;198.96;130;9703010941;B
20240227;103314;198.94;430;9703010950;S
20240227;103314;198.92;130;9703010951;S
20240227;103317;198.92;20;9703011603;S
20240227;103317;198.9;130;9703011604;S
20240227;103317;198.9;40;9703011605;S
20240227;103317;198.92;130;9703011620;B
20240227;103318;198.92;10;9703011718;S
20240227;103319;198.88;10;9703011826;S
20240227;103319;198.88;50;9703011827;S
20240227;103319;198.88;10;9703011829;B
20240227;103319;198.9;150;9703011845;B
20240227;103321;198.88;150;9703012051;B
20240227;103321;198.88;30;9703012052;B
20240227;103321;198.9;220;9703012053;B
20240227;103325;198.86;50;9703012562;S
20240227;103325;198.86;10;9703012606;B
20240227;103329;198.86;40;9703013046;B
20240227;103329;198.88;90;9703013047;B
20240227;103329;198.9;240;9703013108;B
20240227;103330;198.88;60;9703013207;B
20240227;103330;198.9;120;9703013208;B
20240227;103331;198.9;10;9703013276;B
20240227;103332;198.9;20;9703013434;B
20240227;103334;198.88;10;9703013560;S
20240227;103339;198.9;10;9703014347;S
20240227;103340;198.92;120;9703014458;B
20240227;103340;198.92;40;9703014459;B
20240227;103340;198.92;110;9703014460;B
20240227;103340;198.94;100;9703014461;B
20240227;103340;198.94;630;9703014462;B
20240227;103340;198.92;100;9703014465;S
20240227;103341;198.92;10;9703014626;S
20240227;103347;198.9;10;9703016009;S
20240227;103347;198.96;180;9703016158;B
20240227;103356;198.92;10;9703018594;B
20240227;103356;198.94;140;9703018595;B
20240227;103356;198.96;20;9703018596;B
20240227;103356;198.96;80;9703018597;B
20240227;103400;198.9;30;9703019519;B
20240227;103401;198.88;30;9703019544;S
20240227;103402;198.88;10;9703019925;S
20240227;103403;198.88;10;9703020014;S
20240227;103406;198.9;10;9703020576;B
20240227;103408;198.9;10;9703020896;B
20240227;103409;198.9;20;9703020992;B
20240227;103409;198.88;50;9703020994;S
20240227;103409;198.9;200;9703021099;B
20240227;103409;198.92;140;9703021100;B
20240227;103409;198.94;720;9703021101;B
20240227;103409;198.96;20;9703021102;B
20240227;103409;198.96;150;9703021103;B
20240227;103409;198.98;770;9703021104;B
20240227;103410;198.98;10;9703021203;B
20240227;103414;198.88;20;9703021728;S
20240227;103414;198.88;10;9703021729;S
20240227;103414;198.86;40;9703021730;S
20240227;103414;198.86;190;9703021731;S
20240227;103414;198.84;20;9703021732;S
20240227;103415;198.92;210;9703021969;B
20240227;103415;198.94;100;9703021970;B
20240227;103415;198.94;190;9703021971;B
20240227;103415;198.96;470;9703021972;B
20240227;103415;198.98;1070;9703021973;B
20240227;103415;199;100;9703021974;B
20240227;103415;199;700;9703021975;B
20240227;103415;199;100;9703021976;B
20240227;103415;199;860;9703021977;B
20240227;103415;199;150;9703021978;B
20240227;103415;199;1000;9703021979;B
20240227;103415;199;700;9703021980;B
20240227;103415;199;400;9703021981;B
20240227;103416;199;10;9703022110;S
20240227;103416;199;50;9703022147;S
20240227;103417;199.02;100;9703022291;B
20240227;103417;199.02;10;9703022292;B
20240227;103417;199.02;10;9703022293;B
20240227;103418;199.02;40;9703022371;S
20240227;103418;199.04;50;9703022443;B
20240227;103418;199.04;10;9703022444;B
20240227;103421;199.06;10;9703022814;B
20240227;103421;199.06;1000;9703022815;B
20240227;103421;199.08;4990;9703022816;B
20240227;103422;199.04;90;9703023022;S
20240227;103430;199.04;100;9703024114;S
20240227;103430;199.08;3730;9703024141;B
20240227;103430;199.1;120;9703024142;B
20240227;103430;199.12;30;9703024143;B
20240227;103430;199.12;100;9703024144;B
20240227;103430;199.12;50;9703024145;B
20240227;103430;199.12;700;9703024146;B
20240227;103430;199.14;270;9703024147;B
20240227;103432;199.06;50;9703024638;S
20240227;103432;199.08;140;9703024876;S
20240227;103432;199.06;510;9703024877;S
20240227;103432;199.06;500;9703024878;S
20240227;103432;199.04;10;9703024879;S
20240227;103432;199.04;220;9703024880;S
20240227;103432;199.04;40;9703024881;S
20240227;103432;199.02;1840;9703024882;S
20240227;103432;199;37660;9703024883;S
20240227;103436;199.08;100;9703025852;B
20240227;103436;199.08;10;9703025853;B
20240227;103436;199.02;20;9703025859;S
20240227;103437;199.08;30;9703026102;B
20240227;103437;199.1;10;9703026128;B
20240227;103437;199.1;10;9703026129;B
20240227;103437;199.1;10;9703026130;B
20240227;103437;199.1;10;9703026131;B
20240227;103438;199.12;120;9703026253;B
20240227;103438;199.12;110;9703026254;B
20240227;103440;199.1;10;9703026591;S
20240227;103440;199.1;90;9703026592;S
20240227;103442;199.1;10;9703027030;S
20240227;103443;199.1;100;9703027085;S
20240227;103443;199.12;240;9703027178;B
20240227;103444;199.1;10;9703027242;S
20240227;103444;199.1;50;9703027368;S
20240227;103445;199.1;90;9703027428;S
20240227;103445;199.1;10;9703027429;S
20240227;103446;199.08;10;9703027591;S
20240227;103451;199.08;30;9703028270;S
20240227;103454;199.1;30;9703028714;B
20240227;103455;199.08;360;9703028804;S
20240227;103455;199.08;210;9703028805;S
20240227;103458;199.1;10;9703029194;B
20240227;103458;199.1;60;9703029416;B
20240227;103458;199.1;20;9703029417;B
20240227;103458;199.1;20;9703029418;B
20240227;103459;199.12;20;9703029473;B
20240227;103501;199.1;10;9703029766;S
20240227;103501;199.1;90;9703029767;S
20240227;103501;199.1;10;9703029773;S
20240227;103501;199.12;10;9703029850;B
20240227;103501;199.12;20;9703029851;B
20240227;103501;199.12;10;9703029852;B
20240227;103503;199.1;70;9703030290;S
20240227;103504;199.12;200;9703030448;B
20240227;103505;199.1;20;9703030625;S
20240227;103507;199.12;10;9703030964;B
20240227;103508;199.1;50;9703030981;S
20240227;103508;199.1;290;9703031040;S
20240227;103509;199.08;30;9703031161;S
20240227;103510;199.08;20;9703031362;S
20240227;103512;199.08;20;9703031582;B
20240227;103513;199.08;300;9703031673;B
20240227;103513;199.08;50;9703031710;B
20240227;103513;199.1;10;9703031711;B
20240227;103513;199.06;10;9703031712;S
20240227;103515;199.06;20;9703032010;S
20240227;103515;199.08;100;9703032045;B
20240227;103517;199.06;70;9703032540;S
20240227;103517;199.06;10;9703032577;S
20240227;103517;199.06;150;9703032578;S
20240227;103519;199.04;20;9703032900;S
20240227;103519;199.04;50;9703033002;S
20240227;103519;199.02;20;9703033003;S
20240227;103519;199.02;50;9703033004;S
20240227;103519;199.02;480;9703033005;S
20240227;103520;199.04;690;9703033057;B
20240227;103520;199.04;60;9703033058;B
20240227;103521;199.02;40;9703033192;S
20240227;103521;199.02;60;9703033193;S
20240227;103522;199.04;260;9703033268;B
20240227;103522;199.04;900;9703033269;B
20240227;103522;199.06;130;9703033270;B
20240227;103522;199.06;510;9703033271;B
20240227;103523;199.04;30;9703033370;B
20240227;103525;199.02;100;9703033701;S
20240227;103526;199.04;20;9703033832;B
20240227;103526;199.04;40;9703033833;B
20240227;103526;199.06;10;9703033834;B
20240227;103526;199.08;30;9703033835;B
20240227;103527;199.02;10;9703033940;S
20240227;103530;199.06;100;9703034193;S
20240227;103531;199.06;20;9703034380;S
20240227;103532;199.06;390;9703034427;S
20240227;103532;199.06;500;9703034428;S
20240227;103532;199.06;50;9703034429;S
20240227;103532;199.04;1750;9703034430;S
20240227;103532;199.04;130;9703034431;S
20240227;103532;199.04;20;9703034432;S
20240227;103534;199.04;10;9703034598;S
20240227;103534;199.04;10;9703034629;S
20240227;103535;199.04;10;9703034660;S
20240227;103536;199.04;100;9703034765;S
20240227;103538;199.04;10;9703034976;S
20240227;103538;199.04;100;9703035054;S
20240227;103538;199.04;90;9703035076;S
20240227;103538;199.04;190;9703035122;S
20240227;103538;199.04;310;9703035123;S
20240227;103540;199.04;50;9703035254;S
20240227;103540;199.04;100;9703035333;S
20240227;103541;199.04;30;9703035410;S
20240227;103543;199.04;10;9703035624;S
20240227;103544;199.04;1000;9703035662;S
20240227;103544;199.04;10;9703035663;S
20240227;103544;199.04;500;9703035664;S
20240227;103544;199.04;10;9703035665;S
20240227;103544;199.02;60;9703035666;S
20240227;103544;199.02;510;9703035667;S
20240227;103544;199.02;100;9703035668;S
20240227;103544;199.02;830;9703035669;S
20240227;103544;199;1230;9703035670;S
20240227;103544;199;9020;9703035671;S
20240227;103544;199.02;40;9703035672;S
20240227;103544;199.02;470;9703035673;S
20240227;103544;199.02;240;9703035674;S
20240227;103544;199.04;10;9703035699;B
20240227;103549;199.04;10;9703036270;S
20240227;103549;199.02;10;9703036271;S
20240227;103549;199.04;10;9703036318;S
20240227;103550;199.02;10;9703036441;S
20240227;103551;199.02;20;9703036488;S
20240227;103552;199.02;20;9703036556;S
20240227;103555;199.02;100;9703036973;S
20240227;103557;199.02;10;9703037134;S
20240227;103557;199.02;20;9703037135;S
20240227;103557;199.02;40;9703037158;S
20240227;103558;199.02;10;9703037369;S
20240227;103601;199.04;90;9703037730;B
20240227;103601;199.04;130;9703037731;B
20240227;103601;199.04;20;9703037732;B
20240227;103603;199.02;10;9703037929;S
20240227;103603;199.02;10;9703037931;S
20240227;103603;199.02;10;9703037939;S
20240227;103603;199.02;10;9703037942;S
20240227;103603;199.02;10;9703037979;S
20240227;103604;199.02;30;9703038069;S
20240227;103604;199.02;10;9703038079;S
20240227;103604;199.02;10;9703038086;S
20240227;103605;199.02;10;9703038116;S
20240227;103605;199.02;330;9703038202;S
20240227;103606;199;50;9703038205;S
20240227;103606;199.02;1200;9703038237;B
20240227;103608;199;100;9703038886;S
20240227;103609;199.02;50;9703039001;B
20240227;103609;199;10;9703039002;S
20240227;103609;199.02;20;9703039041;B
20240227;103612;199;10;9703039508;S
20240227;103613;199;90;9703039571;S
20240227;103616;199;20;9703040189;S
20240227;103618;199.02;30;9703040345;B
20240227;103619;199;20;9703040413;S
20240227;103621;199;500;9703040674;S
20240227;103623;199;5000;9703040858;S
20240227;103623;199;210;9703040859;S
20240227;103623;199;270;9703040860;S
20240227;103623;199;100;9703040861;S
20240227;103623;199;10;9703040862;S
20240227;103623;199;1000;9703040863;S
20240227;103623;199;10;9703040864;S
20240227;103623;199;2500;9703040865;S
20240227;103623;199;10;9703040866;S
20240227;103623;199;300;9703040867;S
20240227;103623;199;10;9703040868;S
20240227;103623;198.92;170;9703040869;S
20240227;103623;198.92;20;9703040870;S
20240227;103623;198.92;110;9703040871;S
20240227;103623;198.92;10;9703040872;S
20240227;103623;198.92;50;9703040873;S
20240227;103623;198.92;140;9703040874;S
20240227;103623;198.92;500;9703040875;S
20240227;103623;198.9;10;9703040876;S
20240227;103623;198.9;10;9703040877;S
20240227;103623;198.84;400;9703040884;S
20240227;103623;198.82;120;9703040885;S
20240227;103623;198.78;140;9703040886;S
20240227;103623;198.74;300;9703040887;S
20240227;103623;198.74;30;9703040888;S
20240227;103623;198.72;180;9703040889;S
20240227;103623;198.72;280;9703040890;S
20240227;103623;198.7;40;9703040891;S
20240227;103623;198.7;510;9703040892;S
20240227;103623;198.68;510;9703040933;S
20240227;103623;198.68;60;9703040936;S
20240227;103624;198.68;120;9703041030;S
20240227;103624;198.68;30;9703041038;S
20240227;103624;198.66;10;9703041046;S
20240227;103624;198.66;100;9703041047;S
20240227;103624;198.64;510;9703041048;S
20240227;103624;198.62;10;9703041049;S
20240227;103624;198.62;200;9703041050;S
20240227;103624;198.62;50;9703041051;S
20240227;103624;198.62;500;9703041052;S
20240227;103624;198.62;130;9703041053;S
20240227;103624;198.62;770;9703041054;S
20240227;103625;198.66;160;9703041198;S
20240227;103629;198.74;10;9703041605;B
20240227;103629;198.74;40;9703041606;B
20240227;103631;198.74;10;9703041889;S
20240227;103631;198.72;50;9703041890;S
20240227;103632;198.7;60;9703042000;S
20240227;103634;198.7;10;9703042261;S
20240227;103641;198.76;10;9703042980;B
20240227;103641;198.76;200;9703042981;B
20240227;103641;198.76;10;9703042982;B
20240227;103641;198.76;130;9703042983;B
20240227;103641;198.78;270;9703042984;B
20240227;103641;198.8;300;9703042985;B
20240227;103641;198.8;80;9703042986;B
20240227;103654;198.7;60;9703044386;S
20240227;103706;198.7;10;9703046025;S
20240227;103707;198.78;20;9703046190;B
20240227;103710;198.74;100;9703046385;S
20240227;103710;198.8;50;9703046510;B
20240227;103719;198.8;120;9703047545;B
20240227;103719;198.82;120;9703047546;B
20240227;103719;198.84;260;9703047547;B
20240227;103738;198.74;10;9703049781;S
20240227;103738;198.72;190;9703049782;S
20240227;103738;198.8;10;9703049787;B
20240227;103738;198.8;40;9703049793;B
20240227;103738;198.8;210;9703049794;B
20240227;103739;198.74;10;9703049908;S
20240227;103747;198.78;10;9703050595;B
20240227;103749;198.72;90;9703050846;S
20240227;103751;198.78;10;9703050966;B
20240227;103751;198.8;10;9703051028;B
20240227;103751;198.8;590;9703051029;B
20240227;103752;198.8;510;9703051117;B
20240227;103756;198.8;20;9703051656;B
20240227;103757;198.78;20;9703051833;B
20240227;103757;198.8;1100;9703051834;B
20240227;103757;198.8;10;9703051835;B
20240227;103757;198.8;120;9703051836;B
20240227;103757;198.8;20;9703051837;B
20240227;103757;198.82;1500;9703051838;B
20240227;103757;198.82;2500;9703051839;B
20240227;103757;198.82;620;9703051840;B
