<DATE>;<TIME>;<LAST>;<VOL>;<ID>;<OPER>
20240117;095948;198.000000000;10;9411037097;S
20240117;095948;198.000000000;10;9411037098;B
20240117;095948;198.000000000;10;9411037099;B
20240117;095948;198.000000000;10;9411037100;S
20240117;095948;198.000000000;40;9411037101;S
20240117;095948;198.000000000;10;9411037102;S
20240117;095948;198.000000000;200;9411037103;B
20240117;095948;198.000000000;10;9411037104;S
20240117;095948;198.000000000;10;9411037105;S
20240117;095948;198.000000000;10;9411037106;S
20240117;095948;198.000000000;160;9411037107;S
20240117;095948;198.000000000;60;9411037108;B
20240117;095948;198.000000000;160;9411037109;B
20240117;095948;198.000000000;50;9411037110;B
20240117;095948;198.000000000;50;9411037111;B
20240117;095948;198.000000000;20;9411037112;B
20240117;095948;198.000000000;10;9411037113;B
20240117;095948;198.000000000;50;9411037114;B
20240117;095948;198.000000000;200;9411037115;B
20240117;095948;198.000000000;20;9411037116;B
20240117;095948;198.000000000;10;9411037117;B
20240117;095948;198.000000000;710;9411037118;B
20240117;100000;197.880000000;20;9411040025;S
20240117;100000;197.880000000;20;9411040026;S
20240117;100000;197.860000000;1000;9411040115;S
20240117;100000;197.840000000;10;9411040177;S
20240117;100000;197.840000000;20;9411040178;S
20240117;100000;197.840000000;10;9411040179;S
20240117;100000;197.840000000;20;9411040180;S
20240117;100000;197.820000000;10;9411040215;S
20240117;100000;197.820000000;30;9411040216;S
20240117;100000;197.800000000;100;9411040275;S
20240117;100000;197.800000000;100;9411040276;S
20240117;100000;197.780000000;2000;9411040314;S
20240117;100000;197.720000000;20;9411040333;S
20240117;100000;197.640000000;20;9411040339;S
20240117;100000;197.540000000;110;9411040348;S
20240117;100000;197.520000000;10;9411040349;S
20240117;100000;197.520000000;250;9411040350;S
20240117;100000;197.500000000;10;9411040359;S
20240117;100000;197.500000000;500;9411040360;S
20240117;100000;197.500000000;200;9411040361;S
20240117;100000;197.500000000;50;9411040362;S
20240117;100000;197.500000000;100;9411040363;S
20240117;100000;197.420000000;20;9411040398;S
20240117;100000;197.420000000;500;9411040399;S
20240117;100000;197.400000000;50;9411040405;S
20240117;100000;197.400000000;1910;9411040406;S
20240117;100000;197.380000000;100;9411040415;S
20240117;100000;197.340000000;40;9411040430;S
20240117;100000;197.340000000;500;9411040431;S
20240117;100000;197.300000000;10;9411040445;S
20240117;100000;197.300000000;280;9411040446;S
20240117;100000;197.400000000;1770;9411040522;B
20240117;100001;197.380000000;90;9411040775;S
20240117;100001;197.680000000;10;9411040870;B
20240117;100001;197.540000000;10;9411040897;B
20240117;100001;197.320000000;10;9411040898;S
20240117;100001;197.500000000;20;9411040979;B
20240117;100001;197.500000000;30;9411040980;B
20240117;100002;197.440000000;10;9411041286;S
20240117;100002;197.400000000;100;9411041633;S
20240117;100005;197.560000000;10;9411043669;B
20240117;100005;197.560000000;10;9411044504;B
20240117;100005;197.420000000;100;9411044732;S
20240117;100005;197.420000000;10;9411045158;S
20240117;100005;197.420000000;10;9411045160;S
20240117;100005;197.420000000;30;9411045258;S
20240117;100005;197.400000000;10;9411045331;S
20240117;100005;197.360000000;800;9411045332;S
20240117;100005;197.360000000;910;9411045333;S
20240117;100005;197.300000000;30;9411045334;S
20240117;100005;197.260000000;2250;9411045335;S
20240117;100005;197.220000000;10;9411045513;S
20240117;100005;197.200000000;70;9411045514;S
20240117;100006;197.380000000;220;9411046155;S
20240117;100006;197.380000000;290;9411046248;S
20240117;100006;197.360000000;10;9411046249;S
20240117;100006;197.380000000;10;9411046256;S
20240117;100006;197.380000000;500;9411046259;S
20240117;100006;197.360000000;200;9411046260;S
20240117;100006;197.340000000;10;9411046263;S
20240117;100006;197.320000000;510;9411046525;B
20240117;100006;197.340000000;290;9411046552;B
20240117;100007;197.260000000;1540;9411046907;S
20240117;100007;197.240000000;10;9411047364;S
20240117;100008;197.280000000;10;9411047525;B
20240117;100008;197.200000000;10;9411047633;S
20240117;100010;197.360000000;10;9411048288;S
20240117;100010;197.500000000;30;9411048309;B
20240117;100010;197.360000000;500;9411048463;S
20240117;100024;197.420000000;10;9411052195;S
20240117;100027;197.460000000;100;9411053143;S
20240117;100027;197.440000000;400;9411053144;S
20240117;100029;197.520000000;500;9411053809;S
20240117;100031;197.680000000;10;9411054300;B
20240117;100032;197.720000000;1790;9411054706;B
20240117;100032;197.740000000;1260;9411054707;B
20240117;100032;197.780000000;1740;9411054708;B
20240117;100032;197.900000000;210;9411054709;B
20240117;100043;197.800000000;590;9411057583;B
20240117;100043;197.840000000;1260;9411057584;B
20240117;100043;197.960000000;440;9411057585;B
20240117;100043;197.980000000;910;9411057586;B
20240117;100043;197.980000000;510;9411057587;B
20240117;100043;198.000000000;1790;9411057588;B
20240117;100043;198.000000000;1000;9411057589;B
20240117;100043;198.060000000;510;9411057590;B
20240117;100043;198.080000000;2600;9411057591;B
20240117;100043;198.100000000;390;9411057592;B
20240117;100043;197.800000000;230;9411057640;S
20240117;100043;197.980000000;50;9411057690;B
20240117;100049;197.880000000;450;9411059075;B
20240117;100049;197.900000000;510;9411059076;B
20240117;100049;197.900000000;1040;9411059077;B
20240117;100053;197.720000000;40;9411059902;S
20240117;100053;197.680000000;60;9411059903;S
20240117;100057;197.860000000;100;9411060847;B
20240117;100059;197.860000000;10;9411061199;B
20240117;100106;197.820000000;20;9411062853;B
20240117;100115;197.820000000;10;9411064492;B
20240117;100117;197.840000000;510;9411064863;B
20240117;100117;197.860000000;510;9411064864;B
20240117;100117;197.860000000;1260;9411064865;B
20240117;100121;197.860000000;10;9411065619;S
20240117;100123;197.860000000;100;9411065990;S
20240117;100125;197.860000000;400;9411066623;S
20240117;100127;197.860000000;410;9411067082;S
20240117;100130;197.880000000;30;9411067555;B
20240117;100130;197.880000000;480;9411067617;B
20240117;100130;197.880000000;20;9411067618;B
20240117;100140;197.860000000;10;9411069246;S
20240117;100145;197.860000000;1500;9411070152;S
20240117;100152;197.860000000;80;9411071283;S
20240117;100153;197.860000000;60;9411071480;S
20240117;100153;197.880000000;40;9411071575;B
20240117;100153;197.860000000;150;9411071580;S
20240117;100153;197.860000000;10;9411071581;S
20240117;100153;197.880000000;10;9411071589;B
20240117;100153;197.880000000;90;9411071590;B
20240117;100153;197.740000000;10;9411071659;S
20240117;100153;197.720000000;30;9411071660;S
20240117;100202;197.660000000;10;9411073123;S
20240117;100202;197.660000000;500;9411073124;S
20240117;100202;197.640000000;1240;9411073125;S
20240117;100202;197.640000000;580;9411073173;S
20240117;100202;197.620000000;420;9411073174;S
20240117;100205;197.700000000;40;9411073791;S
20240117;100208;197.760000000;40;9411074343;B
20240117;100210;197.720000000;10;9411074884;B
20240117;100211;197.700000000;10;9411075237;S
20240117;100220;197.700000000;10;9411076637;S
20240117;100220;197.700000000;10;9411076638;S
20240117;100224;197.720000000;10;9411077211;B
20240117;100252;197.700000000;10;9411081375;B
20240117;100254;197.700000000;30;9411081652;B
20240117;100254;197.700000000;10;9411081653;B
20240117;100254;197.700000000;20;9411081654;B
20240117;100254;197.720000000;100;9411081655;B
20240117;100254;197.740000000;140;9411081656;B
20240117;100256;197.660000000;100;9411082144;B
20240117;100301;197.660000000;40;9411082938;S
20240117;100301;197.660000000;500;9411082939;S
20240117;100302;197.640000000;100;9411083131;B
20240117;100304;197.620000000;70;9411083553;S
20240117;100314;197.620000000;310;9411085112;S
20240117;100319;197.620000000;100;9411086146;S
20240117;100325;197.660000000;200;9411086887;B
20240117;100327;197.620000000;10;9411087196;S
20240117;100328;197.660000000;30;9411087242;B
20240117;100335;197.680000000;20;9411088356;B
20240117;100338;197.660000000;10;9411088987;S
20240117;100342;197.680000000;510;9411089480;B
20240117;100343;197.700000000;10;9411089598;B
20240117;100345;197.700000000;990;9411089928;B
20240117;100345;197.700000000;20;9411089929;B
20240117;100351;197.720000000;510;9411090705;B
20240117;100352;197.740000000;20;9411090943;B
20240117;100353;197.720000000;20;9411091183;S
20240117;100404;197.760000000;200;9411093114;B
20240117;100408;197.760000000;400;9411093787;B
20240117;100410;197.760000000;10;9411094121;B
20240117;100412;197.760000000;1490;9411094362;B
20240117;100412;197.800000000;250;9411094367;B
20240117;100412;197.800000000;140;9411094368;B
20240117;100412;197.800000000;110;9411094369;B
20240117;100417;197.840000000;40;9411094983;B
20240117;100417;197.860000000;80;9411094984;B
20240117;100417;197.860000000;80;9411094985;B
20240117;100422;197.780000000;10;9411095762;S
20240117;100434;197.820000000;510;9411097761;B
20240117;100434;197.840000000;10;9411097762;B
20240117;100434;197.840000000;100;9411097763;B
20240117;100434;197.840000000;1680;9411097764;B
20240117;100434;197.860000000;4920;9411097765;B
20240117;100434;197.860000000;450;9411097766;B
20240117;100434;197.880000000;100;9411097767;B
20240117;100434;197.880000000;90;9411097768;B
20240117;100434;197.900000000;750;9411097769;B
20240117;100434;197.960000000;1260;9411097770;B
20240117;100434;197.980000000;500;9411097771;B
20240117;100434;198.000000000;1250;9411097772;B
20240117;100434;198.000000000;1000;9411097773;B
20240117;100434;198.000000000;1250;9411097774;B
20240117;100434;198.000000000;100;9411097775;B
20240117;100434;198.000000000;30;9411097776;B
20240117;100434;198.080000000;510;9411097777;B
20240117;100434;198.100000000;20;9411097778;B
20240117;100434;198.100000000;400;9411097779;B
20240117;100434;198.120000000;15020;9411097780;B
20240117;100434;198.080000000;10;9411097828;B
20240117;100435;198.080000000;240;9411097876;B
20240117;100435;198.100000000;100;9411097877;S
20240117;100435;198.100000000;100;9411097878;S
20240117;100441;198.120000000;30;9411099019;B
20240117;100442;198.100000000;500;9411099113;S
20240117;100444;198.120000000;6680;9411099391;B
20240117;100444;198.120000000;6230;9411099392;B
20240117;100444;198.140000000;200;9411099393;B
20240117;100444;198.140000000;240;9411099394;B
20240117;100444;198.140000000;160;9411099395;B
20240117;100444;198.140000000;270;9411099396;B
20240117;100444;198.140000000;450;9411099397;B
20240117;100444;198.120000000;120;9411099398;S
20240117;100444;198.120000000;480;9411099399;B
20240117;100446;198.200000000;10;9411099643;B
20240117;100446;198.200000000;50;9411099644;B
20240117;100446;198.200000000;60;9411099645;B
20240117;100446;198.200000000;50;9411099646;B
20240117;100446;198.200000000;140;9411099647;B
20240117;100446;198.220000000;10;9411099648;B
20240117;100446;198.220000000;10;9411099649;B
20240117;100446;198.220000000;110;9411099650;B
20240117;100446;198.220000000;510;9411099651;B
20240117;100446;198.240000000;1250;9411099652;B
20240117;100446;198.240000000;10;9411099653;B
20240117;100446;198.260000000;1250;9411099654;B
20240117;100446;198.260000000;70;9411099655;B
20240117;100447;198.260000000;500;9411099781;B
20240117;100447;198.260000000;10;9411099882;B
20240117;100449;198.260000000;420;9411100295;B
20240117;100449;198.260000000;10;9411100296;B
20240117;100451;198.280000000;10;9411100583;B
20240117;100451;198.300000000;100;9411100585;B
20240117;100451;198.300000000;20;9411100586;B
20240117;100451;198.340000000;10;9411100640;B
20240117;100451;198.340000000;10;9411100641;B
20240117;100451;198.380000000;250;9411100642;B
20240117;100452;198.360000000;20;9411100790;B
20240117;100452;198.320000000;10;9411100873;S
20240117;100456;198.400000000;50;9411101614;B
20240117;100456;198.400000000;50;9411101637;B
20240117;100456;198.400000000;80;9411101638;B
20240117;100456;198.420000000;20;9411101639;B
20240117;100457;198.420000000;500;9411101837;B
20240117;100459;198.440000000;10;9411102202;B
20240117;100500;198.480000000;10;9411102269;B
20240117;100500;198.480000000;50;9411102349;S
20240117;100500;198.460000000;50;9411102350;S
20240117;100500;198.440000000;50;9411102370;B
20240117;100500;198.440000000;100;9411102387;B
20240117;100500;198.440000000;270;9411102388;B
20240117;100501;198.500000000;4000;9411102430;B
20240117;100501;198.500000000;30;9411102431;B
20240117;100501;198.500000000;20;9411102432;B
20240117;100501;198.500000000;10;9411102433;B
20240117;100501;198.500000000;1250;9411102434;B
20240117;100501;198.520000000;150;9411102435;B
20240117;100501;198.520000000;230;9411102436;B
20240117;100501;198.520000000;120;9411102437;B
20240117;100501;198.560000000;60;9411102447;B
20240117;100501;198.540000000;10;9411102453;S
20240117;100501;198.520000000;10;9411102591;S
20240117;100502;198.560000000;30;9411102707;S
20240117;100502;198.560000000;20;9411102708;S
20240117;100502;198.520000000;80;9411102709;S
20240117;100502;198.580000000;10;9411102776;B
20240117;100502;198.600000000;10;9411102791;B
20240117;100502;198.600000000;10;9411102792;B
20240117;100503;198.580000000;30;9411102863;S
20240117;100504;198.560000000;20;9411103007;S
20240117;100505;198.580000000;20;9411103179;B
20240117;100505;198.580000000;80;9411103180;B
20240117;100505;198.600000000;50;9411103181;B
20240117;100506;198.560000000;10;9411103248;S
20240117;100506;198.580000000;250;9411103287;B
20240117;100506;198.600000000;750;9411103288;B
20240117;100510;198.600000000;140;9411103986;B
20240117;100514;198.580000000;120;9411104453;B
20240117;100514;198.580000000;70;9411104454;B
20240117;100514;198.580000000;100;9411104566;B
20240117;100516;198.580000000;10;9411104804;B
20240117;100516;198.560000000;20;9411104805;S
20240117;100516;198.520000000;910;9411104806;S
20240117;100516;198.520000000;70;9411104807;S
20240117;100516;198.480000000;10;9411104808;S
20240117;100516;198.440000000;200;9411104809;S
20240117;100516;198.440000000;50;9411104810;S
20240117;100516;198.420000000;240;9411104811;S
20240117;100517;198.540000000;70;9411104942;B
20240117;100517;198.560000000;10;9411104943;B
20240117;100518;198.540000000;30;9411105042;B
20240117;100522;198.540000000;10;9411105695;B
20240117;100526;198.460000000;200;9411106381;S
20240117;100526;198.440000000;70;9411106382;S
20240117;100526;198.420000000;250;9411106383;S
20240117;100528;198.500000000;40;9411106681;B
20240117;100528;198.520000000;160;9411106682;B
20240117;100530;198.480000000;10;9411106970;B
20240117;100530;198.520000000;200;9411106971;B
20240117;100530;198.520000000;70;9411106972;B
20240117;100530;198.520000000;20;9411106973;B
20240117;100530;198.520000000;130;9411107004;B
20240117;100530;198.520000000;60;9411107006;B
20240117;100530;198.520000000;110;9411107007;B
20240117;100530;198.540000000;50;9411107008;B
20240117;100530;198.540000000;50;9411107009;B
20240117;100530;198.540000000;110;9411107010;B
20240117;100530;198.540000000;40;9411107011;B
20240117;100530;198.540000000;250;9411107012;B
20240117;100530;198.560000000;20;9411107013;B
20240117;100530;198.560000000;30;9411107014;B
20240117;100530;198.560000000;70;9411107015;B
20240117;100530;198.560000000;100;9411107016;B
20240117;100530;198.560000000;120;9411107017;B
20240117;100530;198.560000000;120;9411107019;B
20240117;100530;198.560000000;30;9411107021;B
20240117;100530;198.560000000;10;9411107022;B
20240117;100530;198.560000000;30;9411107023;B
20240117;100530;198.560000000;390;9411107024;B
20240117;100530;198.560000000;40;9411107025;B
20240117;100530;198.560000000;40;9411107026;B
20240117;100530;198.560000000;70;9411107027;B
20240117;100530;198.560000000;20;9411107028;B
20240117;100530;198.580000000;30;9411107029;B
20240117;100530;198.580000000;30;9411107030;B
20240117;100530;198.580000000;60;9411107031;B
20240117;100530;198.580000000;60;9411107032;B
20240117;100530;198.580000000;10;9411107033;B
20240117;100530;198.600000000;20;9411107034;B
20240117;100530;198.600000000;40;9411107035;B
20240117;100530;198.600000000;40;9411107036;B
20240117;100530;198.600000000;90;9411107037;B
20240117;100530;198.620000000;10;9411107038;B
20240117;100530;198.620000000;60;9411107039;B
20240117;100530;198.620000000;300;9411107041;B
20240117;100530;198.620000000;50;9411107042;B
20240117;100530;198.620000000;60;9411107043;B
20240117;100530;198.620000000;40;9411107044;B
20240117;100530;198.620000000;50;9411107045;B
20240117;100530;198.620000000;100;9411107046;B
20240117;100530;198.620000000;120;9411107047;B
20240117;100530;198.640000000;60;9411107048;B
20240117;100530;198.640000000;40;9411107049;B
20240117;100530;198.640000000;40;9411107050;B
20240117;100530;198.640000000;80;9411107051;B
20240117;100530;198.640000000;70;9411107052;B
20240117;100530;198.640000000;20;9411107053;B
20240117;100530;198.700000000;20;9411107054;B
20240117;100530;198.700000000;210;9411107055;B
20240117;100530;198.700000000;40;9411107056;B
20240117;100530;198.700000000;30;9411107057;B
20240117;100530;198.700000000;720;9411107058;B
20240117;100530;198.700000000;10;9411107059;B
20240117;100530;198.700000000;800;9411107060;B
20240117;100530;198.760000000;10;9411107061;B
20240117;100530;198.760000000;10;9411107062;B
20240117;100530;198.760000000;40;9411107064;B
20240117;100530;198.760000000;30;9411107065;B
20240117;100530;198.760000000;430;9411107066;B
20240117;100530;198.780000000;20;9411107067;B
20240117;100530;198.780000000;10;9411107068;B
20240117;100530;198.780000000;10;9411107069;B
20240117;100530;198.800000000;10;9411107070;B
20240117;100530;198.780000000;300;9411107071;B
20240117;100530;198.800000000;90;9411107072;B
20240117;100530;198.800000000;10;9411107073;B
20240117;100530;198.800000000;20;9411107074;B
20240117;100530;198.840000000;20;9411107076;B
20240117;100530;198.860000000;30;9411107077;B
20240117;100530;198.680000000;380;9411107082;S
20240117;100530;198.720000000;1890;9411107083;B
20240117;100530;198.720000000;1910;9411107084;B
20240117;100531;198.720000000;230;9411107095;B
20240117;100531;198.800000000;240;9411107139;B
20240117;100531;198.800000000;260;9411107140;B
20240117;100531;198.800000000;50;9411107143;B
20240117;100532;198.660000000;960;9411107275;S
20240117;100532;198.600000000;500;9411107276;S
20240117;100532;198.580000000;1030;9411107277;S
20240117;100532;198.560000000;500;9411107278;S
20240117;100532;198.540000000;270;9411107279;S
20240117;100532;198.520000000;510;9411107280;S
20240117;100532;198.520000000;250;9411107281;S
20240117;100532;198.660000000;60;9411107340;B
20240117;100532;198.660000000;120;9411107341;B
20240117;100532;198.660000000;30;9411107342;B
20240117;100532;198.680000000;200;9411107350;B
20240117;100532;198.660000000;30;9411107351;B
20240117;100532;198.680000000;50;9411107352;B
20240117;100532;198.680000000;50;9411107353;B
20240117;100532;198.680000000;120;9411107354;B
20240117;100532;198.680000000;50;9411107355;B
20240117;100532;198.660000000;50;9411107356;B
20240117;100532;198.660000000;40;9411107358;B
20240117;100532;198.680000000;30;9411107359;B
20240117;100532;198.680000000;10;9411107360;B
20240117;100532;198.680000000;20;9411107378;B
20240117;100532;198.680000000;40;9411107379;B
20240117;100532;198.660000000;10;9411107380;B
20240117;100532;198.680000000;20;9411107381;B
20240117;100532;198.680000000;40;9411107382;B
20240117;100532;198.680000000;40;9411107383;B
20240117;100532;198.680000000;80;9411107384;B
20240117;100532;198.680000000;50;9411107385;B
20240117;100532;198.680000000;30;9411107386;B
20240117;100532;198.680000000;50;9411107387;B
20240117;100532;198.680000000;20;9411107388;B
20240117;100532;198.700000000;40;9411107389;B
20240117;100532;198.700000000;40;9411107390;B
20240117;100532;198.700000000;80;9411107391;B
20240117;100532;198.680000000;30;9411107392;B
20240117;100532;198.680000000;20;9411107393;B
20240117;100532;198.680000000;20;9411107398;B
20240117;100532;198.700000000;100;9411107399;B
20240117;100532;198.700000000;110;9411107400;B
20240117;100532;198.700000000;10;9411107402;B
20240117;100532;198.700000000;70;9411107403;B
20240117;100532;198.700000000;30;9411107405;B
20240117;100532;198.700000000;70;9411107406;B
20240117;100532;198.700000000;30;9411107407;B
20240117;100532;198.580000000;10;9411107532;S
20240117;100533;198.640000000;10;9411107710;B
20240117;100538;198.620000000;10;9411108459;B
20240117;100538;198.640000000;40;9411108460;B
20240117;100538;198.660000000;510;9411108461;B
20240117;100538;198.660000000;240;9411108462;B
20240117;100541;198.640000000;190;9411108856;B
20240117;100550;198.600000000;50;9411110171;B
20240117;100553;198.580000000;200;9411110538;S
20240117;100555;198.600000000;80;9411110763;B
20240117;100555;198.600000000;410;9411110764;B
20240117;100557;198.580000000;150;9411111167;S
20240117;100558;198.580000000;60;9411111412;S
20240117;100603;198.580000000;10;9411112225;S
20240117;100603;198.580000000;10;9411112227;S
20240117;100605;198.580000000;10;9411112433;S
20240117;100606;198.580000000;10;9411112619;S
20240117;100609;198.600000000;60;9411113061;B
20240117;100611;198.600000000;30;9411113308;B
20240117;100611;198.600000000;100;9411113309;B
20240117;100611;198.600000000;870;9411113310;B
20240117;100612;198.600000000;60;9411113404;B
20240117;100613;198.600000000;200;9411113628;B
20240117;100614;198.580000000;100;9411113660;S
20240117;100617;198.620000000;60;9411114101;S
20240117;100617;198.600000000;240;9411114102;S
20240117;100619;198.640000000;10;9411114342;B
20240117;100619;198.660000000;60;9411114343;B
20240117;100619;198.680000000;30;9411114344;B
20240117;100619;198.680000000;10;9411114379;B
20240117;100622;198.580000000;250;9411114793;S
20240117;100623;198.600000000;30;9411114948;B
20240117;100624;198.580000000;1400;9411115002;S
20240117;100624;198.580000000;200;9411115003;S
20240117;100627;198.540000000;60;9411115666;B
20240117;100627;198.560000000;240;9411115667;B
20240117;100629;198.520000000;500;9411115934;B
20240117;100631;198.540000000;140;9411116158;B
20240117;100631;198.560000000;10;9411116159;B
20240117;100633;198.500000000;50;9411116478;S
20240117;100636;198.500000000;30;9411116853;S
20240117;100638;198.500000000;30;9411117168;S
20240117;100639;198.500000000;30;9411117253;S
20240117;100639;198.560000000;10;9411117266;B
20240117;100639;198.500000000;30;9411117286;S
20240117;100644;198.500000000;30;9411118005;S
20240117;100645;198.500000000;30;9411118113;S
20240117;100645;198.500000000;10;9411118286;S
20240117;100646;198.500000000;230;9411118327;S
20240117;100646;198.500000000;290;9411118328;S
20240117;100646;198.500000000;30;9411118355;S
20240117;100648;198.500000000;10;9411118616;S
20240117;100648;198.500000000;150;9411118642;S
20240117;100648;198.520000000;10;9411118661;B
20240117;100649;198.520000000;10;9411118758;B
20240117;100652;198.500000000;20;9411119071;S
20240117;100652;198.500000000;20;9411119109;S
20240117;100653;198.520000000;2560;9411119212;B
20240117;100653;198.520000000;60;9411119213;B
20240117;100653;198.560000000;510;9411119214;B
20240117;100653;198.560000000;500;9411119215;B
20240117;100653;198.580000000;1100;9411119216;B
20240117;100653;198.580000000;300;9411119217;B
20240117;100653;198.580000000;10;9411119276;B
20240117;100654;198.500000000;60;9411119314;S
20240117;100655;198.560000000;510;9411119416;B
20240117;100655;198.560000000;510;9411119417;B
20240117;100655;198.500000000;90;9411119593;S
20240117;100659;198.520000000;100;9411120242;B
20240117;100700;198.500000000;30;9411120373;S
20240117;100700;198.500000000;20;9411120374;S
20240117;100700;198.500000000;50;9411120416;S
20240117;100700;198.500000000;50;9411120417;S
20240117;100700;198.500000000;10;9411120418;S
20240117;100700;198.500000000;90;9411120419;S
20240117;100700;198.420000000;90;9411120513;S
20240117;100700;198.400000000;10;9411120514;S
20240117;100701;198.400000000;10;9411120560;S
20240117;100701;198.400000000;20;9411120561;S
20240117;100701;198.360000000;20;9411120572;S
20240117;100701;198.340000000;60;9411120573;S
20240117;100701;198.340000000;300;9411120617;B
20240117;100703;198.400000000;100;9411121020;B
20240117;100707;198.300000000;50;9411121448;B
20240117;100708;198.320000000;50;9411121521;B
20240117;100711;198.300000000;50;9411121896;B
20240117;100711;198.320000000;50;9411121922;B
20240117;100715;198.340000000;300;9411122334;B
20240117;100719;198.340000000;30;9411123018;S
20240117;100721;198.400000000;30;9411123217;B
20240117;100721;198.420000000;300;9411123218;B
20240117;100721;198.440000000;90;9411123351;B
20240117;100721;198.440000000;550;9411123352;B
20240117;100721;198.480000000;500;9411123353;B
20240117;100721;198.500000000;50;9411123354;B
20240117;100721;198.600000000;500;9411123355;B
20240117;100721;198.640000000;140;9411123356;B
20240117;100721;198.660000000;390;9411123357;B
20240117;100721;198.660000000;2820;9411123358;B
20240117;100722;198.460000000;910;9411123389;B
20240117;100723;198.600000000;10;9411123524;B
20240117;100728;198.600000000;820;9411124218;B
20240117;100728;198.620000000;180;9411124219;B
20240117;100738;198.640000000;10;9411125679;B
20240117;100739;198.680000000;70;9411125804;B
20240117;100739;198.680000000;10;9411125805;B
20240117;100739;198.700000000;40;9411125806;B
20240117;100739;198.700000000;70;9411125807;B
20240117;100739;198.700000000;50;9411125808;B
20240117;100739;198.720000000;60;9411125809;B
20240117;100746;198.700000000;30;9411126775;S
20240117;100749;198.660000000;30;9411127257;B
20240117;100749;198.720000000;70;9411127258;B
20240117;100750;198.620000000;30;9411127316;S
20240117;100751;198.620000000;10;9411127546;S
20240117;100753;198.720000000;20;9411127848;B
20240117;100753;198.720000000;30;9411127849;B
20240117;100753;198.740000000;130;9411127850;B
20240117;100753;198.740000000;50;9411127851;B
20240117;100753;198.760000000;200;9411127852;B
20240117;100753;198.780000000;100;9411127853;B
20240117;100753;198.780000000;540;9411127854;B
20240117;100753;198.800000000;10;9411127855;B
20240117;100753;198.800000000;20;9411127856;B
20240117;100753;198.800000000;650;9411127857;B
20240117;100753;198.800000000;10;9411127858;B
20240117;100753;198.800000000;500;9411127859;B
20240117;100753;198.820000000;30;9411127860;B
20240117;100755;198.820000000;60;9411128093;S
20240117;100755;198.820000000;20;9411128100;S
20240117;100756;198.820000000;2650;9411128207;S
20240117;100756;198.800000000;50;9411128208;S
20240117;100756;198.740000000;500;9411128209;S
20240117;100756;198.740000000;90;9411128220;B
20240117;100801;198.680000000;10;9411129125;S
20240117;100805;198.740000000;70;9411129761;B
20240117;100807;198.740000000;640;9411129949;B
20240117;100807;198.740000000;50;9411129950;B
20240117;100807;198.800000000;90;9411129951;B
20240117;100807;198.800000000;180;9411129952;B
20240117;100807;198.820000000;500;9411129953;B
20240117;100807;198.840000000;10;9411129954;B
20240117;100807;198.840000000;70;9411129955;B
20240117;100807;198.860000000;10;9411129956;B
20240117;100807;198.860000000;2180;9411129957;B
20240117;100807;198.860000000;1250;9411129958;B
20240117;100807;198.860000000;40;9411129959;S
20240117;100814;198.700000000;90;9411131108;S
20240117;100814;198.680000000;210;9411131109;S
20240117;100819;198.740000000;90;9411131675;B
20240117;100819;198.760000000;10;9411131676;B
20240117;100819;198.680000000;50;9411131705;S
20240117;100821;198.680000000;30;9411131968;S
20240117;100821;198.680000000;20;9411131969;S
20240117;100821;198.660000000;490;9411131970;S
20240117;100828;198.760000000;10;9411132804;B
20240117;100831;198.760000000;20;9411133325;B
20240117;100832;198.760000000;20;9411133400;B
20240117;100832;198.760000000;10;9411133426;B
20240117;100834;198.660000000;170;9411133717;S
20240117;100849;198.740000000;30;9411135610;B
20240117;100851;198.740000000;20;9411135741;S
20240117;100855;198.740000000;10;9411136330;S
20240117;100857;198.760000000;330;9411136497;B
20240117;100857;198.760000000;20;9411136498;B
20240117;100857;198.780000000;40;9411136499;B
20240117;100857;198.780000000;30;9411136500;B
20240117;100857;198.780000000;50;9411136501;B
20240117;100857;198.800000000;30;9411136502;B
20240117;100857;198.740000000;100;9411136503;S
20240117;100857;198.740000000;860;9411136504;S
20240117;100857;198.740000000;80;9411136565;B
20240117;100857;198.760000000;20;9411136566;B
20240117;100857;198.780000000;510;9411136567;B
20240117;100857;198.800000000;1890;9411136568;B
20240117;100910;198.780000000;20;9411138221;B
20240117;100920;198.800000000;500;9411139401;B
20240117;100920;198.780000000;50;9411139503;B
20240117;100921;198.780000000;130;9411139539;B
20240117;100921;198.780000000;60;9411139540;B
20240117;100921;198.800000000;1580;9411139541;B
20240117;100921;198.800000000;10;9411139542;B
20240117;100921;198.800000000;10;9411139543;B
20240117;100921;198.800000000;40;9411139544;B
20240117;100921;198.800000000;160;9411139568;B
20240117;100921;198.800000000;340;9411139569;B
20240117;100924;198.800000000;100;9411139888;B
20240117;100924;198.800000000;40;9411139910;B
20240117;100924;198.800000000;10;9411139911;B
20240117;100928;198.800000000;30;9411140374;B
20240117;100928;198.820000000;10;9411140388;B
20240117;100930;198.800000000;20;9411140565;S
20240117;100933;198.800000000;120;9411141116;S
20240117;100935;198.820000000;20;9411141342;B
20240117;100935;198.820000000;70;9411141343;B
20240117;100935;198.840000000;10;9411141364;B
20240117;100935;198.840000000;100;9411141365;B
20240117;100935;198.840000000;200;9411141374;B
20240117;100937;198.820000000;20;9411141491;S
20240117;100937;198.800000000;200;9411141523;S
20240117;100940;198.800000000;150;9411141939;S
20240117;100941;198.820000000;10;9411142017;B
20240117;100941;198.840000000;200;9411142023;B
20240117;100952;198.840000000;10;9411143284;B
20240117;100952;198.820000000;10;9411143363;B
20240117;100955;198.820000000;90;9411143749;B
20240117;100957;198.800000000;2000;9411144010;S
20240117;100958;198.820000000;80;9411144200;B
20240117;100958;198.820000000;10;9411144201;B
20240117;100958;198.820000000;10;9411144202;B
20240117;101000;198.800000000;500;9411144366;S
20240117;101000;198.820000000;10;9411144379;B
20240117;101000;198.800000000;10;9411144499;S
20240117;101001;198.800000000;50;9411144615;S
20240117;101001;198.800000000;2120;9411144625;S
20240117;101001;198.800000000;770;9411144626;S
20240117;101001;198.800000000;100;9411144627;S
20240117;101001;198.800000000;10;9411144628;S
20240117;101001;198.800000000;1850;9411144629;S
20240117;101001;198.760000000;10;9411144630;S
20240117;101001;198.760000000;300;9411144631;S
20240117;101001;198.720000000;90;9411144632;S
20240117;101005;198.740000000;80;9411144999;B
20240117;101005;198.740000000;100;9411145000;B
20240117;101005;198.760000000;90;9411145001;B
20240117;101005;198.760000000;510;9411145002;B
20240117;101005;198.780000000;230;9411145003;B
20240117;101005;198.780000000;190;9411145004;B
20240117;101015;198.780000000;80;9411146255;B
20240117;101015;198.780000000;20;9411146256;B
20240117;101021;198.780000000;10;9411147211;B
20240117;101022;198.660000000;20;9411147334;S
20240117;101031;198.740000000;80;9411148206;B
20240117;101031;198.740000000;120;9411148207;B
20240117;101031;198.760000000;300;9411148208;B
20240117;101033;198.760000000;10;9411148473;B
20240117;101041;198.740000000;10;9411149369;B
20240117;101041;198.660000000;10;9411149375;S
20240117;101056;198.700000000;70;9411151255;S
20240117;101056;198.680000000;480;9411151256;S
20240117;101056;198.680000000;20;9411151264;S
20240117;101056;198.660000000;10;9411151265;S
20240117;101056;198.660000000;550;9411151266;S
20240117;101058;198.680000000;50;9411151513;B
20240117;101103;198.680000000;20;9411152071;S
20240117;101107;198.700000000;10;9411152465;B
20240117;101107;198.700000000;70;9411152466;B
20240117;101107;198.720000000;350;9411152467;B
20240117;101107;198.740000000;120;9411152468;B
20240117;101120;198.660000000;50;9411154653;S
20240117;101122;198.740000000;20;9411154797;B
20240117;101123;198.700000000;20;9411154944;S
20240117;101128;198.700000000;30;9411155603;S
20240117;101128;198.680000000;60;9411155604;S
20240117;101145;198.740000000;50;9411157087;B
20240117;101145;198.740000000;10;9411157088;B
20240117;101145;198.740000000;70;9411157089;B
20240117;101145;198.740000000;20;9411157090;B
20240117;101153;198.680000000;20;9411158359;S
20240117;101157;198.700000000;250;9411158878;B
20240117;101157;198.680000000;300;9411158886;S
20240117;101204;198.680000000;700;9411159655;S
20240117;101204;198.680000000;10;9411159656;S
20240117;101204;198.660000000;1480;9411159657;S
20240117;101204;198.660000000;70;9411159658;S
20240117;101204;198.640000000;70;9411159659;S
20240117;101205;198.640000000;20;9411159847;S
20240117;101205;198.620000000;200;9411159848;S
20240117;101213;198.660000000;40;9411160737;B
20240117;101219;198.680000000;30;9411161451;B
20240117;101221;198.680000000;30;9411161769;B
20240117;101222;198.680000000;30;9411161881;B
20240117;101222;198.680000000;30;9411161996;B
20240117;101232;198.620000000;10;9411163206;S
20240117;101240;198.620000000;90;9411164110;S
20240117;101240;198.660000000;10;9411164207;B
20240117;101253;198.620000000;50;9411166012;S
20240117;101304;198.620000000;10;9411167283;S
20240117;101304;198.600000000;10;9411167284;S
20240117;101304;198.600000000;90;9411167285;S
20240117;101305;198.580000000;30;9411167388;S
20240117;101305;198.580000000;120;9411167389;S
20240117;101305;198.540000000;10;9411167390;S
20240117;101305;198.540000000;70;9411167391;S
20240117;101305;198.520000000;140;9411167392;S
20240117;101305;198.520000000;1820;9411167393;S
20240117;101305;198.500000000;310;9411167394;S
20240117;101326;198.500000000;150;9411169654;S
20240117;101335;198.580000000;10;9411170851;B
20240117;101344;198.500000000;20;9411171779;S
20240117;101348;198.600000000;50;9411172064;B
20240117;101348;198.620000000;80;9411172065;B
20240117;101406;198.620000000;10;9411173985;B
20240117;101406;198.620000000;10;9411173986;B
20240117;101406;198.640000000;60;9411173987;B
20240117;101414;198.640000000;100;9411175092;S
20240117;101415;198.640000000;60;9411175241;S
20240117;101418;198.640000000;20;9411175524;S
20240117;101418;198.660000000;20;9411175581;B
20240117;101418;198.660000000;20;9411175582;B
20240117;101418;198.660000000;40;9411175583;B
20240117;101425;198.660000000;220;9411176455;S
20240117;101426;198.660000000;10;9411176609;S
20240117;101427;198.660000000;10;9411176708;S
20240117;101433;198.680000000;80;9411177357;B
20240117;101435;198.660000000;500;9411177635;S
20240117;101436;198.680000000;10;9411177775;B
20240117;101438;198.680000000;110;9411178140;B
20240117;101438;198.680000000;390;9411178141;B
20240117;101438;198.640000000;50;9411178142;S
20240117;101442;198.680000000;810;9411178519;B
20240117;101442;198.680000000;30;9411178520;B
20240117;101442;198.680000000;70;9411178521;B
20240117;101442;198.700000000;30;9411178522;B
20240117;101442;198.700000000;360;9411178523;B
20240117;101445;198.660000000;140;9411178734;S
20240117;101445;198.660000000;70;9411178735;S
20240117;101445;198.640000000;1090;9411178736;S
20240117;101454;198.700000000;950;9411179990;B
20240117;101503;198.660000000;70;9411181222;S
20240117;101503;198.660000000;60;9411181223;S
20240117;101505;198.640000000;10;9411181710;S
20240117;101507;198.660000000;70;9411182201;S
20240117;101507;198.660000000;40;9411182202;S
20240117;101507;198.640000000;390;9411182203;S
20240117;101514;198.700000000;850;9411183419;B
20240117;101518;198.700000000;120;9411184223;B
20240117;101518;198.700000000;1000;9411184224;B
20240117;101519;198.700000000;1450;9411184545;B
20240117;101519;198.680000000;70;9411184566;S
20240117;101519;198.680000000;20;9411184567;S
20240117;101519;198.680000000;110;9411184568;S
20240117;101521;198.680000000;10;9411184759;S
20240117;101521;198.680000000;600;9411184760;S
20240117;101521;198.660000000;510;9411184761;S
20240117;101521;198.660000000;130;9411184762;S
20240117;101523;198.720000000;600;9411185329;B
20240117;101523;198.740000000;160;9411185330;B
20240117;101523;198.740000000;20;9411185331;B
20240117;101523;198.760000000;20;9411185332;B
20240117;101528;198.780000000;50;9411186130;B
20240117;101528;198.780000000;10;9411186165;B
20240117;101531;198.760000000;10;9411186576;S
20240117;101539;198.740000000;30;9411188197;S
20240117;101545;198.720000000;70;9411188901;S
20240117;101545;198.700000000;10;9411188902;S
20240117;101555;198.780000000;10;9411190560;B
20240117;101555;198.780000000;20;9411190561;B
20240117;101555;198.780000000;10;9411190562;B
20240117;101555;198.780000000;210;9411190563;B
20240117;101600;198.780000000;90;9411191243;B
20240117;101600;198.780000000;410;9411191244;B
20240117;101600;198.780000000;10;9411191267;B
20240117;101601;198.740000000;70;9411191480;S
20240117;101601;198.740000000;130;9411191481;B
20240117;101604;198.800000000;510;9411191784;B
20240117;101608;198.800000000;10;9411192533;B
20240117;101608;198.800000000;40;9411192543;B
20240117;101610;198.780000000;10;9411192794;S
20240117;101612;198.800000000;40;9411193172;B
20240117;101613;198.800000000;400;9411193305;B
20240117;101613;198.800000000;100;9411193306;B
20240117;101615;198.800000000;40;9411193708;B
20240117;101615;198.800000000;450;9411193709;B
20240117;101615;198.800000000;100;9411193710;B
20240117;101615;198.800000000;110;9411193711;B
20240117;101618;198.820000000;100;9411194171;B
20240117;101620;198.820000000;900;9411194678;B
20240117;101620;198.820000000;1000;9411194679;B
20240117;101620;198.820000000;10;9411194680;B
20240117;101621;198.820000000;100;9411194871;B
20240117;101622;198.840000000;10;9411194998;B
20240117;101622;198.840000000;10;9411194999;B
20240117;101623;198.820000000;10;9411195371;S
20240117;101631;198.860000000;10;9411196857;B
20240117;101632;198.820000000;30;9411197015;S
20240117;101632;198.820000000;70;9411197016;S
20240117;101632;198.820000000;240;9411197017;S
20240117;101632;198.800000000;80;9411197018;S
20240117;101640;198.860000000;10;9411198653;B
20240117;101641;198.860000000;30;9411198817;B
20240117;101641;198.860000000;10;9411198818;B
20240117;101641;198.860000000;20;9411198819;B
20240117;101646;198.860000000;10;9411199463;B
20240117;101648;198.880000000;300;9411199752;B
20240117;101648;198.880000000;10;9411199753;B
20240117;101648;198.880000000;690;9411199754;B
20240117;101648;198.880000000;810;9411199755;B
20240117;101648;198.880000000;10;9411199756;B
20240117;101652;198.900000000;40;9411200438;B
20240117;101652;198.900000000;100;9411200439;B
20240117;101652;198.900000000;100;9411200440;B
20240117;101652;198.900000000;10;9411200441;B
20240117;101652;198.900000000;10;9411200442;B
20240117;101652;198.900000000;40;9411200443;B
20240117;101653;198.900000000;60;9411200448;B
20240117;101653;198.900000000;100;9411200449;B
20240117;101653;198.920000000;50;9411200450;B
20240117;101653;198.920000000;30;9411200451;B
20240117;101653;198.920000000;50;9411200452;B
20240117;101653;198.920000000;1000;9411200453;B
20240117;101653;198.940000000;1000;9411200454;B
20240117;101653;198.960000000;1000;9411200455;B
20240117;101653;198.960000000;50;9411200456;B
20240117;101653;198.960000000;30;9411200457;B
20240117;101653;198.960000000;20;9411200458;B
20240117;101653;198.960000000;980;9411200459;B
20240117;101653;198.960000000;200;9411200460;B
20240117;101653;198.980000000;300;9411200461;B
20240117;101653;198.980000000;50;9411200462;B
20240117;101653;198.980000000;50;9411200463;B
20240117;101653;198.980000000;10;9411200464;B
20240117;101653;198.980000000;1000;9411200465;B
20240117;101653;198.980000000;30;9411200466;B
20240117;101653;198.980000000;10;9411200467;B
20240117;101653;199.000000000;660;9411200475;B
20240117;101653;199.000000000;270;9411200476;B
20240117;101653;199.000000000;10;9411200477;B
20240117;101653;199.000000000;10;9411200478;B
20240117;101653;199.000000000;10;9411200479;B
20240117;101653;199.000000000;20;9411200480;B
20240117;101653;199.000000000;500;9411200481;B
20240117;101653;199.000000000;50;9411200482;B
20240117;101653;199.000000000;100;9411200483;B
20240117;101653;199.000000000;20;9411200484;B
20240117;101653;199.000000000;30;9411200485;B
20240117;101653;199.000000000;990;9411200486;B
20240117;101653;199.000000000;1000;9411200487;B
20240117;101653;199.000000000;90;9411200488;B
20240117;101653;199.000000000;50;9411200489;B
20240117;101653;199.000000000;1150;9411200490;B
20240117;101653;199.000000000;10;9411200491;B
20240117;101653;199.000000000;10;9411200492;B
20240117;101653;199.000000000;10;9411200493;B
20240117;101653;199.000000000;10;9411200494;B
20240117;101653;199.000000000;400;9411200495;B
20240117;101653;199.000000000;70;9411200496;B
20240117;101653;199.000000000;1000;9411200497;B
20240117;101653;199.000000000;10;9411200498;B
20240117;101653;199.000000000;30;9411200499;B
20240117;101653;199.000000000;550;9411200500;B
20240117;101653;199.000000000;4450;9411200501;B
20240117;101653;199.000000000;100;9411200502;B
20240117;101653;199.000000000;1500;9411200503;B
20240117;101653;199.000000000;20;9411200504;B
20240117;101653;199.000000000;10;9411200505;B
20240117;101653;199.000000000;180;9411200506;B
20240117;101653;199.000000000;50;9411200507;B
20240117;101653;199.040000000;500;9411200508;B
20240117;101653;199.040000000;10;9411200509;B
20240117;101653;199.060000000;10;9411200511;B
20240117;101653;199.060000000;250;9411200512;B
20240117;101653;199.080000000;200;9411200514;B
20240117;101653;199.100000000;1000;9411200515;B
20240117;101653;199.100000000;100;9411200516;B
20240117;101653;199.100000000;20;9411200517;B
20240117;101653;199.100000000;100;9411200518;B
20240117;101653;199.100000000;30;9411200519;B
20240117;101653;199.100000000;40;9411200520;B
20240117;101653;199.100000000;10;9411200521;B
20240117;101653;199.120000000;10;9411200522;B
20240117;101653;199.120000000;90;9411200523;B
20240117;101653;199.120000000;500;9411200524;B
20240117;101653;199.140000000;20;9411200550;B
20240117;101653;199.140000000;2000;9411200551;B
20240117;101653;199.140000000;10;9411200552;B
20240117;101653;199.140000000;1000;9411200553;B
20240117;101653;199.140000000;90;9411200554;B
20240117;101653;199.140000000;10;9411200578;B
20240117;101653;199.120000000;10;9411200584;S
20240117;101653;199.120000000;50;9411200585;S
20240117;101653;199.120000000;70;9411200586;S
20240117;101653;199.140000000;10;9411200589;B
20240117;101653;199.080000000;510;9411200619;S
20240117;101653;199.080000000;510;9411200620;S
20240117;101653;199.060000000;1980;9411200621;S
20240117;101653;199.060000000;500;9411200622;S
20240117;101653;199.040000000;70;9411200623;S
20240117;101653;199.040000000;480;9411200624;S
20240117;101653;199.100000000;300;9411200625;B
20240117;101653;199.020000000;20;9411200626;S
20240117;101653;198.980000000;510;9411200627;S
20240117;101653;198.980000000;510;9411200628;S
20240117;101653;198.960000000;60;9411200629;S
20240117;101653;198.940000000;80;9411200630;S
20240117;101653;198.940000000;140;9411200631;S
20240117;101653;198.920000000;1250;9411200632;S
20240117;101653;198.900000000;10;9411200633;B
20240117;101653;198.900000000;20;9411200634;B
20240117;101653;198.900000000;1000;9411200673;B
20240117;101653;198.900000000;100;9411200675;B
20240117;101653;198.900000000;100;9411200769;B
20240117;101653;198.900000000;20;9411200771;B
20240117;101653;198.900000000;250;9411200773;B
20240117;101654;198.900000000;110;9411200798;B
20240117;101654;198.980000000;90;9411200799;B
20240117;101654;198.980000000;60;9411200800;B
20240117;101654;199.000000000;10;9411200801;B
20240117;101654;199.000000000;780;9411200802;B
20240117;101654;199.000000000;40;9411200803;B
20240117;101654;199.000000000;110;9411200804;B
20240117;101654;199.000000000;10;9411200805;B
20240117;101654;199.000000000;10;9411200806;B
20240117;101654;199.000000000;30;9411200807;B
20240117;101654;199.000000000;30;9411200808;B
20240117;101654;199.060000000;400;9411200809;B
20240117;101654;199.060000000;10;9411200810;B
20240117;101654;199.060000000;10;9411200811;B
20240117;101654;199.140000000;20;9411200812;B
20240117;101654;199.140000000;1820;9411200813;B
20240117;101654;199.160000000;20;9411200814;B
20240117;101654;199.160000000;1000;9411200815;B
20240117;101654;199.160000000;500;9411200816;B
20240117;101654;199.180000000;10;9411200817;B
20240117;101654;199.180000000;30;9411200818;B
20240117;101654;199.180000000;4900;9411200819;B
20240117;101654;199.160000000;100;9411200826;B
20240117;101654;199.160000000;90;9411200828;B
20240117;101655;199.000000000;60;9411200943;B
20240117;101655;198.960000000;30;9411200993;S
20240117;101655;199.100000000;500;9411201057;B
20240117;101659;199.020000000;10;9411201564;B
20240117;101659;199.020000000;10;9411201565;B
20240117;101659;199.100000000;70;9411201566;B
20240117;101659;199.120000000;80;9411201567;B
20240117;101659;199.020000000;10;9411201654;S
20240117;101702;199.100000000;100;9411202115;B
20240117;101702;199.120000000;60;9411202116;B
20240117;101702;199.140000000;250;9411202117;B
20240117;101702;199.140000000;200;9411202118;B
20240117;101702;199.140000000;40;9411202119;B
20240117;101702;199.160000000;4030;9411202120;B
20240117;101702;199.180000000;100;9411202121;B
20240117;101702;199.180000000;220;9411202122;B
20240117;101702;199.120000000;10;9411202213;S
20240117;101703;199.160000000;10;9411202437;S
20240117;101703;199.180000000;2500;9411202438;B
20240117;101703;199.180000000;2000;9411202497;B
20240117;101703;199.180000000;280;9411202499;B
20240117;101703;199.180000000;30;9411202538;B
20240117;101704;199.180000000;10;9411202651;B
20240117;101705;199.160000000;10;9411202919;S
20240117;101706;199.160000000;10;9411203007;S
20240117;101707;199.160000000;10;9411203370;S
20240117;101708;199.160000000;50;9411203508;S
20240117;101708;199.160000000;10;9411203553;S
20240117;101709;199.180000000;350;9411203610;B
20240117;101709;199.160000000;10;9411203672;S
20240117;101716;199.180000000;90;9411204645;B
20240117;101718;199.160000000;100;9411205284;S
20240117;101719;199.140000000;90;9411205506;S
20240117;101719;199.080000000;120;9411205507;S
20240117;101720;199.160000000;10;9411205539;B
20240117;101724;199.080000000;390;9411206266;S
20240117;101724;199.080000000;60;9411206267;S
20240117;101724;199.060000000;1050;9411206268;S
20240117;101726;199.140000000;10;9411206591;B
20240117;101732;199.060000000;30;9411207624;S
20240117;101734;199.060000000;100;9411207884;B
20240117;101736;199.060000000;10;9411208230;B
20240117;101737;199.060000000;10;9411208331;B
20240117;101737;199.060000000;10;9411208406;B
20240117;101740;199.060000000;450;9411209016;B
20240117;101740;199.060000000;40;9411209017;B
20240117;101740;199.060000000;10;9411209018;B
20240117;101740;199.060000000;10;9411209019;B
20240117;101740;199.080000000;60;9411209020;B
20240117;101740;199.080000000;10;9411209021;B
20240117;101740;199.120000000;100;9411209022;B
20240117;101740;199.140000000;510;9411209023;B
20240117;101740;199.140000000;10;9411209024;B
20240117;101740;199.140000000;50;9411209025;B
20240117;101740;199.140000000;500;9411209026;B
20240117;101740;199.140000000;10;9411209027;B
20240117;101740;199.160000000;890;9411209028;B
20240117;101740;199.160000000;120;9411209029;B
20240117;101740;199.160000000;90;9411209030;B
20240117;101740;199.160000000;300;9411209031;B
20240117;101740;199.160000000;2000;9411209032;B
20240117;101740;199.180000000;520;9411209033;B
20240117;101740;199.180000000;1030;9411209034;B
20240117;101740;199.180000000;10;9411209035;B
20240117;101740;199.180000000;20;9411209036;B
20240117;101740;199.180000000;200;9411209037;B
20240117;101740;199.200000000;43060;9411209038;B
20240117;101740;199.200000000;2540;9411209039;B
20240117;101740;199.180000000;20;9411209040;B
20240117;101741;199.100000000;20;9411209274;S
20240117;101746;199.140000000;50;9411210087;S
20240117;101753;199.200000000;9400;9411211419;B
20240117;101753;199.200000000;500;9411211420;B
20240117;101753;199.200000000;100;9411211421;B
20240117;101754;199.200000000;1000;9411211463;B
20240117;101754;199.200000000;30;9411211464;B
20240117;101754;199.200000000;30;9411211465;B
20240117;101754;199.200000000;170;9411211466;B
20240117;101754;199.200000000;90;9411211467;B
20240117;101754;199.200000000;2870;9411211468;B
20240117;101754;199.200000000;1010;9411211469;B
20240117;101754;199.200000000;160;9411211470;B
20240117;101754;199.200000000;10;9411211486;B
20240117;101754;199.200000000;30;9411211613;B
20240117;101754;199.200000000;30;9411211614;B
20240117;101754;199.200000000;20;9411211615;B
20240117;101754;199.200000000;780;9411211633;B
20240117;101754;199.200000000;100;9411211634;B
20240117;101754;199.200000000;10;9411211635;B
20240117;101754;199.200000000;100;9411211636;B
20240117;101754;199.240000000;100;9411211637;B
20240117;101754;199.240000000;200;9411211638;B
20240117;101754;199.260000000;10;9411211639;B
20240117;101754;199.260000000;20;9411211640;B
20240117;101754;199.260000000;20;9411211641;B
20240117;101754;199.280000000;10;9411211642;B
20240117;101754;199.280000000;40;9411211643;B
20240117;101755;199.280000000;1000;9411211668;B
20240117;101755;199.280000000;10;9411211677;B
20240117;101755;199.260000000;10;9411211706;B
20240117;101755;199.240000000;60;9411211779;S
20240117;101755;199.240000000;230;9411211780;B
20240117;101755;199.240000000;370;9411211781;B
20240117;101755;199.240000000;640;9411211782;B
20240117;101756;199.280000000;450;9411211860;B
20240117;101756;199.280000000;400;9411211861;B
20240117;101756;199.280000000;20;9411211862;B
20240117;101756;199.280000000;10;9411211863;B
20240117;101756;199.300000000;40;9411211864;B
20240117;101756;199.300000000;10;9411211865;B
20240117;101756;199.300000000;20;9411211866;B
20240117;101756;199.300000000;30;9411211867;B
20240117;101756;199.300000000;100;9411211868;B
20240117;101756;199.300000000;20;9411211869;B
20240117;101756;199.300000000;30;9411211870;B
20240117;101756;199.320000000;2000;9411211884;S
20240117;101756;199.300000000;60;9411211885;S
20240117;101756;199.300000000;500;9411211886;S
20240117;101756;199.240000000;460;9411211887;S
20240117;101756;199.220000000;1010;9411211888;S
20240117;101756;199.200000000;500;9411211889;S
20240117;101756;199.180000000;90;9411211890;S
20240117;101756;199.140000000;1820;9411211891;S
20240117;101756;199.120000000;4000;9411211892;S
20240117;101756;199.100000000;510;9411211893;S
20240117;101756;199.100000000;510;9411211894;S
20240117;101756;199.100000000;3000;9411211895;S
20240117;101756;199.080000000;500;9411211896;S
20240117;101756;199.080000000;1250;9411211897;S
20240117;101756;199.040000000;290;9411211898;S
20240117;101756;199.020000000;1600;9411211899;S
20240117;101756;199.020000000;6900;9411211901;B
20240117;101757;199.220000000;1820;9411212052;B
20240117;101757;199.220000000;500;9411212053;B
20240117;101757;199.220000000;1250;9411212054;B
20240117;101757;199.240000000;300;9411212055;B
20240117;101757;199.240000000;500;9411212056;B
20240117;101757;199.260000000;60;9411212057;B
20240117;101757;199.300000000;500;9411212058;B
20240117;101757;199.340000000;3400;9411212059;B
20240117;101757;199.380000000;170;9411212060;B
20240117;101757;199.400000000;40;9411212061;B
20240117;101757;199.400000000;50;9411212062;B
20240117;101757;199.400000000;1200;9411212063;B
20240117;101757;199.400000000;10;9411212064;B
20240117;101757;199.400000000;20;9411212065;B
20240117;101757;199.400000000;100;9411212066;B
20240117;101757;199.460000000;40;9411212067;B
20240117;101757;199.480000000;10;9411212068;B
20240117;101757;199.480000000;280;9411212069;B
20240117;101757;199.500000000;100;9411212070;B
20240117;101757;199.500000000;100;9411212071;B
20240117;101757;199.500000000;1250;9411212072;B
20240117;101757;199.500000000;100;9411212073;B
20240117;101757;199.500000000;5000;9411212074;B
20240117;101757;199.520000000;50;9411212075;B
20240117;101757;199.560000000;3150;9411212076;B
20240117;101757;199.340000000;50;9411212088;B
20240117;101757;199.400000000;100;9411212098;B
20240117;101757;199.400000000;10;9411212099;B
20240117;101757;199.420000000;40;9411212100;B
20240117;101758;199.320000000;90;9411212161;B
20240117;101800;199.320000000;150;9411212463;S
20240117;101800;199.320000000;10;9411212479;S
20240117;101803;199.320000000;340;9411213161;S
20240117;101803;199.320000000;10;9411213270;S
20240117;101804;199.400000000;100;9411213331;B
20240117;101804;199.420000000;60;9411213332;B
20240117;101804;199.440000000;30;9411213333;B
20240117;101805;199.420000000;220;9411213582;B
20240117;101806;199.420000000;20;9411213625;S
20240117;101806;199.420000000;100;9411213659;S
20240117;101806;199.440000000;140;9411213675;B
20240117;101806;199.420000000;500;9411213697;S
20240117;101807;199.420000000;100;9411213727;S
20240117;101808;199.420000000;60;9411213925;S
20240117;101810;199.440000000;110;9411214218;B
20240117;101810;199.460000000;70;9411214219;B
20240117;101811;199.460000000;230;9411214395;B
20240117;101812;199.460000000;10;9411214510;S
20240117;101812;199.460000000;1250;9411214576;S
20240117;101814;199.460000000;10;9411214875;S
20240117;101814;199.460000000;10;9411214935;S
20240117;101815;199.460000000;220;9411214988;S
20240117;101815;199.460000000;360;9411215082;S
20240117;101817;199.460000000;500;9411215334;S
20240117;101823;199.480000000;100;9411216020;B
20240117;101823;199.480000000;10;9411216021;B
20240117;101823;199.480000000;890;9411216022;B
20240117;101823;199.480000000;2230;9411216176;B
20240117;101823;199.480000000;1620;9411216177;B
20240117;101823;199.460000000;30;9411216179;S
20240117;101824;199.480000000;10;9411216326;B
20240117;101826;199.460000000;1000;9411216727;S
20240117;101828;199.480000000;860;9411217052;B
20240117;101829;199.480000000;20;9411217229;B
20240117;101831;199.480000000;250;9411217579;B
20240117;101832;199.460000000;10;9411217699;S
20240117;101832;199.460000000;500;9411217739;S
20240117;101835;199.460000000;20;9411218122;S
20240117;101835;199.460000000;300;9411218134;S
20240117;101835;199.480000000;130;9411218304;B
20240117;101836;199.480000000;50;9411218328;B
20240117;101836;199.480000000;1200;9411218409;B
20240117;101837;199.460000000;200;9411218630;S
20240117;101837;199.480000000;80;9411218761;B
20240117;101838;199.480000000;10;9411218989;B
20240117;101839;199.480000000;160;9411219255;B
20240117;101839;199.480000000;10;9411219256;B
20240117;101839;199.480000000;230;9411219257;B
20240117;101841;199.480000000;270;9411219819;B
20240117;101841;199.480000000;130;9411219820;B
20240117;101842;199.460000000;1000;9411219925;S
20240117;101842;199.460000000;1350;9411219939;S
20240117;101844;199.480000000;20;9411220319;B
20240117;101845;199.460000000;60;9411220707;S
20240117;101846;199.480000000;850;9411220890;B
20240117;101846;199.480000000;10;9411220891;B
20240117;101846;199.500000000;10;9411220892;B
20240117;101846;199.500000000;40;9411220893;B
20240117;101846;199.500000000;4870;9411220894;B
20240117;101846;199.500000000;30;9411220895;B
20240117;101846;199.500000000;5100;9411220896;B
20240117;101846;199.500000000;100;9411220897;B
20240117;101846;199.500000000;50;9411220898;B
20240117;101847;199.480000000;30;9411221205;S
20240117;101847;199.480000000;30;9411221369;S
20240117;101848;199.520000000;20;9411221451;B
20240117;101848;199.500000000;30;9411221570;S
20240117;101848;199.500000000;10;9411221629;S
20240117;101849;199.500000000;30;9411221758;S
20240117;101851;199.560000000;50;9411222079;B
20240117;101851;199.560000000;10;9411222080;B
20240117;101851;199.560000000;270;9411222081;B
20240117;101851;199.500000000;100;9411222104;S
20240117;101852;199.500000000;30;9411222374;S
20240117;101852;199.500000000;500;9411222375;S
20240117;101853;199.460000000;10;9411222545;S
20240117;101855;199.480000000;50;9411222973;S
20240117;101855;199.460000000;40;9411222974;S
20240117;101855;199.460000000;500;9411222975;S
20240117;101856;199.440000000;80;9411223217;B
20240117;101856;199.440000000;430;9411223224;B
20240117;101856;199.460000000;2410;9411223225;B
20240117;101856;199.480000000;70;9411223226;B
20240117;101856;199.500000000;470;9411223227;B
20240117;101856;199.500000000;30;9411223228;B
20240117;101856;199.500000000;30;9411223229;B
20240117;101856;199.500000000;40;9411223462;S
20240117;101857;199.500000000;390;9411223658;S
20240117;101858;199.520000000;30;9411223802;S
20240117;101858;199.560000000;140;9411223841;B
20240117;101858;199.580000000;30;9411223842;B
20240117;101858;199.580000000;410;9411223843;B
20240117;101859;199.600000000;760;9411223928;B
20240117;101859;199.600000000;100;9411223929;B
20240117;101859;199.600000000;90;9411223930;B
20240117;101859;199.620000000;50;9411223931;B
20240117;101859;199.540000000;80;9411223958;S
20240117;101859;199.540000000;120;9411224100;S
20240117;101859;199.540000000;500;9411224101;S
20240117;101859;199.540000000;20;9411224102;S
20240117;101859;199.520000000;3360;9411224103;S
20240117;101902;199.580000000;300;9411224679;B
20240117;101902;199.600000000;20;9411224680;B
20240117;101902;199.600000000;130;9411224681;B
20240117;101902;199.600000000;70;9411224682;B
20240117;101902;199.620000000;50;9411224683;B
20240117;101902;199.620000000;10;9411224684;B
20240117;101902;199.620000000;20;9411224685;B
20240117;101903;199.620000000;30;9411224875;B
20240117;101903;199.620000000;50;9411224876;B
20240117;101905;199.540000000;10;9411225309;S
20240117;101905;199.580000000;150;9411225311;S
20240117;101907;199.560000000;250;9411225731;S
20240117;101907;199.540000000;200;9411225732;S
20240117;101907;199.540000000;550;9411225733;S
20240117;101911;199.620000000;10;9411226533;B
20240117;101913;199.560000000;250;9411226888;S
20240117;101913;199.560000000;130;9411226889;S
20240117;101913;199.540000000;1270;9411226890;S
20240117;101913;199.540000000;90;9411226891;S
20240117;101913;199.520000000;2610;9411226892;S
20240117;101913;199.520000000;10;9411226893;S
20240117;101913;199.520000000;500;9411226894;S
20240117;101913;199.500000000;140;9411226895;S
20240117;101917;199.500000000;50;9411227704;S
20240117;101918;199.560000000;90;9411227990;B
20240117;101918;199.580000000;70;9411227991;B
20240117;101918;199.600000000;390;9411227992;B
20240117;101918;199.600000000;4500;9411227993;S
20240117;101919;199.500000000;50;9411228176;S
20240117;101922;199.580000000;20;9411228580;B
20240117;101928;199.540000000;320;9411229883;S
20240117;101928;199.520000000;5000;9411229884;S
20240117;101928;199.520000000;20;9411229885;S
20240117;101928;199.520000000;90;9411229886;S
20240117;101928;199.520000000;70;9411229887;S
20240117;101928;199.500000000;5890;9411229888;S
20240117;101928;199.500000000;910;9411229889;S
20240117;101928;199.460000000;80;9411229890;S
20240117;101928;199.460000000;500;9411229891;S
20240117;101928;199.400000000;500;9411229892;S
20240117;101928;199.400000000;1250;9411229893;S
20240117;101928;199.360000000;390;9411229894;S
20240117;101928;199.360000000;200;9411229895;S
20240117;101928;199.360000000;30;9411229896;S
20240117;101928;199.340000000;3400;9411229897;S
20240117;101928;199.320000000;510;9411229898;S
20240117;101928;199.300000000;1520;9411229944;S
20240117;101928;199.280000000;40;9411229945;S
20240117;101928;199.280000000;30;9411229946;S
20240117;101928;199.280000000;70;9411229947;S
20240117;101928;199.260000000;30;9411229948;S
20240117;101928;199.240000000;10;9411229949;S
20240117;101928;199.220000000;800;9411229950;S
20240117;101928;199.240000000;20;9411230003;S
20240117;101928;199.320000000;50;9411230010;B
20240117;101929;199.320000000;1000;9411230146;B
20240117;101930;199.280000000;10;9411230268;S
20240117;101930;199.220000000;60;9411230269;S
20240117;101931;199.240000000;70;9411230475;S
20240117;101931;199.220000000;80;9411230476;S
20240117;101931;199.320000000;400;9411230501;B
20240117;101932;199.320000000;400;9411230585;B
20240117;101932;199.320000000;400;9411230648;B
20240117;101933;199.320000000;10;9411230772;B
20240117;101933;199.320000000;400;9411230775;B
20240117;101933;199.320000000;400;9411230837;B
20240117;101935;199.240000000;10;9411231041;S
20240117;101938;199.320000000;10;9411231553;B
20240117;101945;199.260000000;50;9411232276;S
20240117;101945;199.260000000;70;9411232277;S
20240117;101945;199.260000000;160;9411232278;S
20240117;101945;199.240000000;120;9411232279;S
20240117;101947;199.320000000;990;9411232538;B
20240117;101947;199.320000000;10;9411232539;B
20240117;101950;199.280000000;10;9411232941;S
20240117;101950;199.300000000;50;9411232953;B
20240117;101950;199.320000000;50;9411232954;B
20240117;101954;199.320000000;8700;9411233502;B
20240117;101954;199.320000000;200;9411233503;B
20240117;101958;199.320000000;30;9411234187;B
20240117;101958;199.320000000;970;9411234188;B
20240117;102001;199.320000000;30;9411234538;B
20240117;102001;199.320000000;1000;9411234539;B
20240117;102001;199.320000000;640;9411234543;B
20240117;102001;199.320000000;360;9411234544;B
20240117;102001;199.320000000;360;9411234545;B
20240117;102001;199.320000000;360;9411234546;B
20240117;102001;199.320000000;360;9411234547;B
20240117;102001;199.320000000;280;9411234548;B
20240117;102001;199.320000000;280;9411234549;B
20240117;102001;199.320000000;240;9411234550;B
20240117;102001;199.320000000;360;9411234551;B
20240117;102001;199.320000000;120;9411234552;B
20240117;102001;199.320000000;40;9411234553;B
20240117;102002;199.320000000;60;9411234621;S
20240117;102004;199.420000000;10;9411234871;B
20240117;102007;199.420000000;30;9411235420;B
20240117;102007;199.460000000;50;9411235424;B
20240117;102010;199.440000000;30;9411235738;S
20240117;102011;199.460000000;250;9411235897;B
20240117;102011;199.460000000;70;9411235898;B
20240117;102011;199.460000000;10;9411235899;B
20240117;102011;199.480000000;40;9411235900;B
20240117;102011;199.500000000;100;9411235901;B
20240117;102011;199.500000000;100;9411235902;B
20240117;102011;199.500000000;100;9411235903;B
20240117;102011;199.520000000;100;9411235904;B
20240117;102011;199.540000000;90;9411235905;B
20240117;102011;199.540000000;140;9411235906;B
20240117;102011;199.460000000;10;9411236102;B
20240117;102011;199.540000000;170;9411236103;B
20240117;102014;199.440000000;10;9411236638;S
20240117;102015;199.440000000;60;9411236715;S
20240117;102016;199.420000000;70;9411236899;S
20240117;102016;199.420000000;90;9411236900;S
20240117;102016;199.400000000;100;9411236901;S
20240117;102016;199.360000000;100;9411236902;S
20240117;102018;199.360000000;60;9411237534;B
20240117;102018;199.380000000;280;9411237535;B
20240117;102018;199.400000000;60;9411237536;B
20240117;102024;199.300000000;20;9411238796;S
20240117;102029;199.300000000;20;9411239903;S
20240117;102029;199.300000000;530;9411239904;S
20240117;102029;199.280000000;40;9411239905;S
20240117;102029;199.260000000;200;9411239906;S
20240117;102029;199.240000000;510;9411239907;S
20240117;102029;199.240000000;50;9411239908;S
20240117;102029;199.240000000;160;9411239909;S
20240117;102029;199.220000000;1560;9411239910;S
20240117;102029;199.220000000;2830;9411239911;S
20240117;102030;199.320000000;220;9411239975;B
20240117;102030;199.320000000;60;9411239976;B
20240117;102030;199.320000000;680;9411239977;B
20240117;102030;199.340000000;540;9411239978;B
20240117;102032;199.340000000;10;9411240343;B
20240117;102035;199.260000000;10;9411240708;S
20240117;102042;199.220000000;170;9411241745;S
20240117;102042;199.200000000;10;9411241746;S
20240117;102042;199.200000000;120;9411241747;S
20240117;102042;199.200000000;500;9411241796;S
20240117;102042;199.260000000;10;9411241797;B
20240117;102043;199.280000000;10;9411241896;B
20240117;102043;199.260000000;490;9411241948;S
20240117;102043;199.200000000;10;9411241949;S
20240117;102044;199.200000000;100;9411242161;S
20240117;102045;199.220000000;1000;9411242244;B
20240117;102045;199.220000000;30;9411242251;S
20240117;102045;199.220000000;10;9411242285;S
20240117;102051;199.260000000;50;9411243260;B
20240117;102054;199.220000000;360;9411243616;S
20240117;102056;199.200000000;10;9411243820;S
20240117;102100;199.200000000;110;9411244288;S
20240117;102100;199.200000000;190;9411244289;S
20240117;102101;199.200000000;30;9411244398;S
20240117;102103;199.220000000;200;9411244657;B
20240117;102107;199.200000000;1000;9411245240;S
20240117;102108;199.200000000;100;9411245306;S
20240117;102111;199.200000000;70;9411245638;S
20240117;102116;199.220000000;10;9411246213;B
20240117;102118;199.220000000;50;9411246511;B
20240117;102120;199.200000000;490;9411246891;S
20240117;102124;199.200000000;620;9411247479;S
20240117;102124;199.200000000;10;9411247480;S
20240117;102124;199.200000000;770;9411247481;S
20240117;102125;199.220000000;380;9411247574;B
20240117;102125;199.220000000;50;9411247575;B
20240117;102125;199.220000000;270;9411247576;B
20240117;102128;199.220000000;480;9411248131;B
20240117;102128;199.220000000;110;9411248132;B
20240117;102128;199.240000000;60;9411248133;B
20240117;102128;199.240000000;1000;9411248134;B
20240117;102128;199.260000000;60;9411248135;B
20240117;102128;199.280000000;510;9411248136;B
20240117;102128;199.280000000;510;9411248137;B
20240117;102128;199.280000000;30;9411248138;B
20240117;102128;199.280000000;1270;9411248139;B
20240117;102128;199.280000000;500;9411248140;B
20240117;102128;199.300000000;2300;9411248141;B
20240117;102128;199.300000000;2000;9411248142;B
20240117;102128;199.300000000;500;9411248143;B
20240117;102128;199.300000000;670;9411248144;B
20240117;102128;199.300000000;330;9411248349;B
20240117;102128;199.320000000;40;9411248350;B
20240117;102128;199.340000000;30;9411248351;B
20240117;102128;199.340000000;510;9411248352;B
20240117;102128;199.340000000;510;9411248353;B
20240117;102128;199.340000000;60;9411248354;B
20240117;102128;199.360000000;500;9411248355;B
20240117;102130;199.380000000;1000;9411248741;B
20240117;102130;199.380000000;40;9411248742;B
20240117;102130;199.400000000;1000;9411248743;B
20240117;102130;199.400000000;60;9411248744;B
20240117;102131;199.400000000;500;9411248853;S
20240117;102132;199.360000000;80;9411249304;S
20240117;102135;199.380000000;30;9411249706;S
20240117;102143;199.380000000;430;9411251205;S
20240117;102143;199.380000000;10;9411251206;S
20240117;102143;199.380000000;30;9411251207;S
20240117;102143;199.380000000;20;9411251208;S
20240117;102143;199.360000000;3910;9411251209;S
20240117;102143;199.360000000;9030;9411251210;S
20240117;102143;199.220000000;20;9411251211;S
20240117;102143;199.200000000;230;9411251212;S
20240117;102143;199.200000000;10;9411251213;S
20240117;102143;199.200000000;20;9411251214;S
20240117;102143;199.200000000;70;9411251215;S
20240117;102143;199.200000000;10;9411251216;S
20240117;102143;199.180000000;10;9411251217;S
20240117;102143;199.160000000;10;9411251218;S
20240117;102143;199.160000000;500;9411251219;S
20240117;102143;199.160000000;1250;9411251220;S
20240117;102143;199.140000000;30;9411251221;S
20240117;102143;199.120000000;10;9411251222;S
20240117;102143;199.080000000;10;9411251223;S
20240117;102144;199.100000000;940;9411251248;S
20240117;102144;199.200000000;80;9411251286;B
20240117;102150;199.200000000;10;9411252325;S
20240117;102157;199.300000000;20;9411253835;B
20240117;102158;199.300000000;30;9411254001;B
20240117;102200;199.300000000;10;9411254384;B
20240117;102205;199.200000000;100;9411255419;S
20240117;102207;199.200000000;300;9411255864;S
20240117;102217;199.300000000;20;9411257775;B
20240117;102217;199.300000000;10;9411257776;B
20240117;102217;199.320000000;60;9411257777;B
20240117;102217;199.340000000;40;9411257778;B
20240117;102217;199.340000000;120;9411257779;B
20240117;102219;199.360000000;30;9411258221;B
20240117;102219;199.360000000;90;9411258222;B
20240117;102223;199.260000000;10;9411259160;S
20240117;102235;199.280000000;150;9411261731;S
20240117;102243;199.280000000;10;9411263527;B
20240117;102249;199.220000000;30;9411264571;S
20240117;102258;199.280000000;50;9411266511;B
20240117;102259;199.280000000;10;9411266547;B
20240117;102302;199.280000000;170;9411267512;B
20240117;102302;199.300000000;500;9411267518;B
20240117;102302;199.300000000;2500;9411267593;B
20240117;102302;199.300000000;60;9411267594;B
20240117;102302;199.300000000;20;9411267595;B
20240117;102302;199.340000000;10;9411267597;B
20240117;102302;199.340000000;50;9411267598;B
20240117;102302;199.360000000;10;9411267599;B
20240117;102302;199.380000000;10;9411267600;B
20240117;102302;199.380000000;490;9411267601;B
20240117;102302;199.380000000;10;9411267602;B
20240117;102302;199.400000000;270;9411267603;B
20240117;102303;199.400000000;230;9411267630;B
20240117;102303;199.400000000;40;9411267631;B
20240117;102303;199.400000000;500;9411267632;B
20240117;102303;199.420000000;30;9411267634;B
20240117;102303;199.420000000;120;9411267635;B
20240117;102303;199.420000000;100;9411267894;S
20240117;102304;199.440000000;90;9411267897;B
20240117;102304;199.440000000;180;9411267898;S
20240117;102304;199.440000000;470;9411267899;S
20240117;102304;199.440000000;180;9411267900;S
20240117;102304;199.440000000;40;9411267901;S
20240117;102304;199.400000000;40;9411268062;S
20240117;102304;199.380000000;960;9411268063;S
20240117;102307;199.400000000;20;9411268703;S
20240117;102310;199.400000000;40;9411269139;S
20240117;102310;199.380000000;10;9411269261;S
20240117;102315;199.340000000;10;9411270048;S
20240117;102317;199.320000000;150;9411270371;S
20240117;102318;199.340000000;60;9411270535;B
20240117;102318;199.360000000;20;9411270536;B
20240117;102318;199.360000000;420;9411270537;B
20240117;102318;199.360000000;280;9411270595;B
20240117;102318;199.400000000;60;9411270596;B
20240117;102318;199.420000000;10;9411270597;B
20240117;102318;199.420000000;510;9411270598;B
20240117;102318;199.420000000;510;9411270599;B
20240117;102318;199.440000000;880;9411270600;B
20240117;102318;199.440000000;10;9411270601;B
20240117;102318;199.440000000;740;9411270602;B
20240117;102320;199.440000000;150;9411271057;B
20240117;102325;199.400000000;100;9411272079;S
20240117;102327;199.440000000;10;9411272463;B
20240117;102329;199.400000000;120;9411272890;S
20240117;102329;199.400000000;280;9411272891;S
20240117;102332;199.400000000;500;9411273278;S
20240117;102332;199.380000000;460;9411273279;S
20240117;102332;199.380000000;540;9411273280;S
20240117;102332;199.340000000;90;9411273281;S
20240117;102335;199.340000000;20;9411273729;S
20240117;102337;199.340000000;500;9411273924;S
20240117;102338;199.320000000;150;9411274076;S
20240117;102343;199.360000000;90;9411274768;B
20240117;102343;199.360000000;30;9411274769;B
20240117;102346;199.340000000;80;9411275302;S
20240117;102347;199.340000000;30;9411275390;S
20240117;102350;199.360000000;20;9411275677;B
20240117;102350;199.360000000;60;9411275678;B
20240117;102351;199.360000000;420;9411275878;S
20240117;102354;199.360000000;60;9411276328;B
20240117;102355;199.380000000;300;9411276433;B
20240117;102358;199.380000000;210;9411276894;B
20240117;102358;199.380000000;120;9411276895;B
20240117;102358;199.380000000;60;9411276896;B
20240117;102359;199.380000000;10;9411277078;S
20240117;102359;199.380000000;100;9411277142;S
20240117;102400;199.400000000;100;9411277515;B
20240117;102402;199.380000000;60;9411278044;B
20240117;102403;199.380000000;140;9411278219;S
20240117;102403;199.380000000;300;9411278220;S
20240117;102403;199.360000000;10;9411278228;S
20240117;102403;199.340000000;250;9411278229;S
20240117;102404;199.380000000;50;9411278417;B
20240117;102406;199.340000000;490;9411278868;S
20240117;102408;199.340000000;10;9411279115;S
20240117;102411;199.340000000;20;9411279526;B
20240117;102412;199.360000000;10;9411279716;B
20240117;102415;199.380000000;510;9411280044;B
20240117;102415;199.400000000;3400;9411280045;B
20240117;102415;199.400000000;30;9411280046;B
20240117;102415;199.400000000;50;9411280047;B
20240117;102415;199.400000000;50;9411280048;B
20240117;102415;199.400000000;60;9411280049;B
20240117;102415;199.420000000;10;9411280050;B
20240117;102415;199.420000000;500;9411280051;B
20240117;102415;199.440000000;20;9411280052;B
20240117;102415;199.460000000;10;9411280053;B
20240117;102415;199.460000000;100;9411280054;B
20240117;102415;199.480000000;320;9411280055;B
20240117;102415;199.480000000;10;9411280056;B
20240117;102415;199.480000000;10;9411280057;B
20240117;102415;199.480000000;750;9411280058;B
20240117;102415;199.480000000;50;9411280059;B
20240117;102415;199.480000000;80;9411280060;B
20240117;102415;199.480000000;1300;9411280061;B
20240117;102415;199.480000000;20;9411280062;B
20240117;102415;199.480000000;1110;9411280063;B
20240117;102415;199.480000000;100;9411280064;B
20240117;102415;199.480000000;20;9411280065;B
20240117;102415;199.500000000;1000;9411280066;B
20240117;102415;199.500000000;200;9411280067;B
20240117;102415;199.500000000;290;9411280068;B
20240117;102420;199.460000000;10;9411280709;B
20240117;102420;199.460000000;10;9411280716;S
20240117;102420;199.460000000;10;9411280748;S
20240117;102420;199.460000000;10;9411280754;S
20240117;102420;199.460000000;10;9411280774;S
20240117;102425;199.480000000;10;9411281466;B
20240117;102427;199.440000000;20;9411281816;S
20240117;102427;199.460000000;10;9411281817;B
20240117;102430;199.460000000;10;9411282298;B
20240117;102430;199.460000000;60;9411282299;B
20240117;102430;199.480000000;30;9411282300;B
20240117;102430;199.480000000;510;9411282301;B
20240117;102430;199.500000000;1390;9411282302;B
20240117;102431;199.500000000;4740;9411282436;B
20240117;102431;199.500000000;1320;9411282437;B
20240117;102431;199.500000000;20;9411282438;B
20240117;102431;199.500000000;10;9411282439;B
20240117;102431;199.500000000;70;9411282440;B
20240117;102431;199.500000000;1000;9411282441;B
20240117;102431;199.500000000;2500;9411282442;B
20240117;102431;199.500000000;10;9411282443;B
20240117;102431;199.520000000;30;9411282504;B
20240117;102431;199.520000000;20;9411282505;B
20240117;102431;199.520000000;300;9411282524;S
20240117;102432;199.520000000;10;9411282723;S
20240117;102432;199.540000000;40;9411282746;B
20240117;102432;199.580000000;20;9411282747;B
20240117;102432;199.580000000;60;9411282748;B
20240117;102432;199.600000000;100;9411282749;B
20240117;102432;199.600000000;80;9411282750;B
20240117;102432;199.520000000;140;9411282757;S
20240117;102432;199.500000000;60;9411282758;S
20240117;102432;199.500000000;510;9411282759;S
20240117;102432;199.480000000;290;9411282760;S
20240117;102433;199.500000000;100;9411282851;S
20240117;102435;199.500000000;20;9411283226;B
20240117;102435;199.560000000;20;9411283227;B
20240117;102435;199.560000000;60;9411283228;B
20240117;102439;199.500000000;50;9411283841;B
20240117;102439;199.560000000;10;9411283842;B
20240117;102439;199.560000000;60;9411283843;B
20240117;102439;199.580000000;100;9411283844;B
20240117;102439;199.580000000;80;9411283845;B
20240117;102443;199.480000000;1010;9411284636;S
20240117;102446;199.560000000;10;9411284918;B
20240117;102446;199.580000000;10;9411284919;B
20240117;102448;199.440000000;20;9411285321;S
20240117;102448;199.580000000;420;9411285358;B
20240117;102448;199.600000000;180;9411285359;B
20240117;102449;199.580000000;510;9411285489;B
20240117;102449;199.580000000;950;9411285490;B
20240117;102450;199.560000000;100;9411285551;S
20240117;102451;199.560000000;1000;9411285865;B
20240117;102451;199.560000000;60;9411285866;B
20240117;102451;199.580000000;1050;9411285867;B
20240117;102451;199.600000000;740;9411285868;B
20240117;102451;199.600000000;10;9411285869;B
20240117;102451;199.600000000;90;9411285870;B
20240117;102451;199.600000000;2050;9411285871;B
20240117;102453;199.600000000;10;9411286141;B
20240117;102454;199.580000000;10;9411286273;S
20240117;102457;199.580000000;40;9411286733;S
20240117;102458;199.600000000;940;9411286773;B
20240117;102458;199.600000000;20;9411286774;B
20240117;102458;199.600000000;5050;9411286775;B
20240117;102458;199.600000000;10;9411286776;B
20240117;102500;199.600000000;90;9411287198;S
20240117;102500;199.600000000;10;9411287206;S
20240117;102502;199.600000000;410;9411287485;S
20240117;102504;199.600000000;590;9411287655;B
20240117;102504;199.600000000;60;9411287656;B
20240117;102504;199.600000000;250;9411287657;B
20240117;102504;199.620000000;5000;9411287658;B
20240117;102504;199.620000000;10;9411287659;B
20240117;102504;199.620000000;120;9411287660;B
20240117;102504;199.620000000;100;9411287661;B
20240117;102505;199.620000000;900;9411287863;B
20240117;102506;199.600000000;10;9411287931;S
20240117;102508;199.640000000;10;9411288232;B
20240117;102508;199.640000000;90;9411288303;B
20240117;102508;199.640000000;150;9411288304;B
20240117;102508;199.640000000;10;9411288305;B
20240117;102508;199.640000000;1000;9411288306;B
20240117;102508;199.640000000;1000;9411288307;B
20240117;102508;199.640000000;20;9411288308;B
20240117;102509;199.600000000;50;9411288352;S
20240117;102511;199.600000000;100;9411288562;B
20240117;102511;199.620000000;100;9411288563;B
20240117;102511;199.640000000;130;9411288564;B
20240117;102511;199.640000000;40;9411288636;S
20240117;102511;199.640000000;160;9411288684;S
20240117;102512;199.640000000;10;9411288727;S
20240117;102512;199.660000000;10;9411288758;B
20240117;102512;199.660000000;40;9411288759;B
20240117;102513;199.660000000;60;9411288867;B
20240117;102514;199.640000000;10;9411288974;S
20240117;102515;199.660000000;40;9411289083;B
20240117;102515;199.660000000;10;9411289084;B
20240117;102515;199.640000000;10;9411289085;S
20240117;102517;199.640000000;150;9411289297;S
20240117;102518;199.660000000;1000;9411289392;B
20240117;102518;199.660000000;10;9411289393;B
20240117;102518;199.660000000;520;9411289394;B
20240117;102518;199.660000000;60;9411289395;B
20240117;102518;199.660000000;50;9411289405;S
20240117;102518;199.660000000;90;9411289468;S
20240117;102519;199.660000000;10;9411289478;S
20240117;102522;199.660000000;200;9411289965;S
20240117;102523;199.680000000;10;9411290035;B
20240117;102526;199.680000000;20;9411290365;B
20240117;102526;199.680000000;80;9411290366;B
20240117;102527;199.660000000;70;9411290611;S
20240117;102527;199.640000000;80;9411290612;S
20240117;102528;199.660000000;70;9411290780;B
20240117;102530;199.660000000;50;9411291061;B
20240117;102530;199.660000000;60;9411291062;B
20240117;102530;199.660000000;70;9411291063;B
20240117;102530;199.660000000;530;9411291064;B
20240117;102530;199.680000000;20;9411291065;B
20240117;102530;199.680000000;20;9411291066;B
20240117;102530;199.680000000;500;9411291067;B
20240117;102530;199.680000000;100;9411291068;B
20240117;102530;199.680000000;140;9411291069;B
20240117;102530;199.680000000;50;9411291070;B
20240117;102536;199.640000000;10;9411291684;S
20240117;102538;199.640000000;100;9411292005;S
20240117;102541;199.640000000;1420;9411292298;S
20240117;102541;199.600000000;90;9411292299;S
20240117;102544;199.580000000;700;9411292707;S
20240117;102544;199.580000000;60;9411292708;S
20240117;102546;199.580000000;60;9411292808;B
20240117;102546;199.600000000;500;9411292809;B
20240117;102546;199.600000000;40;9411292810;B
20240117;102546;199.600000000;150;9411292830;B
20240117;102546;199.620000000;90;9411292831;B
20240117;102546;199.620000000;10;9411292832;B
20240117;102548;199.560000000;80;9411293137;B
20240117;102550;199.560000000;60;9411293331;B
20240117;102550;199.580000000;430;9411293332;B
20240117;102550;199.600000000;500;9411293333;B
20240117;102550;199.620000000;50;9411293334;B
20240117;102550;199.640000000;50;9411293335;B
20240117;102550;199.640000000;510;9411293336;B
20240117;102550;199.660000000;10;9411293337;B
20240117;102550;199.660000000;500;9411293338;B
20240117;102550;199.680000000;50;9411293339;B
20240117;102550;199.680000000;500;9411293340;B
20240117;102550;199.680000000;30;9411293341;B
20240117;102550;199.700000000;10;9411293342;B
20240117;102550;199.700000000;100;9411293343;B
20240117;102550;199.700000000;30;9411293344;B
20240117;102550;199.700000000;1000;9411293345;B
20240117;102550;199.700000000;10;9411293346;B
20240117;102550;199.700000000;30;9411293347;B
20240117;102550;199.700000000;100;9411293348;B
20240117;102550;199.720000000;500;9411293349;B
20240117;102550;199.720000000;30;9411293350;B
20240117;102550;199.740000000;220;9411293351;B
20240117;102550;199.740000000;50;9411293352;B
20240117;102550;199.740000000;220;9411293353;B
20240117;102553;199.560000000;50;9411293654;S
20240117;102553;199.600000000;50;9411293665;B
20240117;102554;199.600000000;950;9411293701;S
20240117;102554;199.560000000;10;9411293714;S
20240117;102554;199.560000000;80;9411293718;S
20240117;102554;199.540000000;20;9411293719;S
20240117;102556;199.560000000;10;9411293935;B
20240117;102559;199.540000000;30;9411294154;S
20240117;102600;199.540000000;30;9411294298;S
20240117;102600;199.500000000;60;9411294299;S
20240117;102600;199.500000000;60;9411294300;S
20240117;102603;199.500000000;50;9411294601;S
20240117;102604;199.500000000;90;9411294774;S
20240117;102604;199.500000000;50;9411294775;S
20240117;102604;199.480000000;10;9411294776;S
20240117;102604;199.480000000;100;9411294777;S
20240117;102605;199.420000000;490;9411294927;S
20240117;102607;199.440000000;20;9411295034;S
20240117;102607;199.420000000;40;9411295035;S
20240117;102610;199.520000000;10;9411295503;B
20240117;102611;199.500000000;240;9411295539;S
20240117;102611;199.500000000;260;9411295540;S
20240117;102611;199.400000000;200;9411295574;S
20240117;102611;199.400000000;1190;9411295575;S
20240117;102611;199.380000000;110;9411295576;S
20240117;102614;199.420000000;50;9411295873;B
20240117;102616;199.420000000;10;9411296020;B
20240117;102619;199.340000000;10;9411296275;S
20240117;102619;199.340000000;10;9411296276;S
20240117;102619;199.340000000;10;9411296277;S
20240117;102619;199.320000000;20;9411296278;S
20240117;102621;199.320000000;30;9411296525;S
20240117;102622;199.320000000;40;9411296569;S
20240117;102622;199.320000000;60;9411296570;S
20240117;102623;199.320000000;60;9411296669;S
20240117;102625;199.320000000;30;9411296984;B
20240117;102625;199.320000000;20;9411297069;B
20240117;102625;199.300000000;250;9411297070;S
20240117;102627;199.280000000;100;9411297275;S
20240117;102630;199.280000000;100;9411297518;S
20240117;102633;199.280000000;30;9411297795;S
20240117;102633;199.280000000;10;9411297796;S
20240117;102633;199.280000000;60;9411297797;S
20240117;102633;199.260000000;200;9411297798;S
20240117;102641;199.280000000;70;9411298701;B
20240117;102641;199.300000000;50;9411298702;B
20240117;102641;199.300000000;500;9411298703;B
20240117;102642;199.300000000;40;9411298765;B
20240117;102644;199.320000000;100;9411299071;B
20240117;102645;199.320000000;100;9411299109;B
20240117;102645;199.320000000;100;9411299120;B
20240117;102645;199.320000000;90;9411299150;B
20240117;102645;199.320000000;10;9411299151;B
20240117;102646;199.320000000;100;9411299165;B
20240117;102646;199.320000000;90;9411299214;B
20240117;102646;199.340000000;10;9411299215;B
20240117;102649;199.360000000;10;9411299571;B
20240117;102652;199.380000000;370;9411300021;B
20240117;102652;199.400000000;120;9411300047;B
20240117;102655;199.400000000;30;9411300455;B
20240117;102655;199.380000000;10;9411300496;S
20240117;102656;199.380000000;120;9411300592;S
20240117;102656;199.320000000;60;9411300593;S
20240117;102656;199.300000000;500;9411300594;S
20240117;102656;199.260000000;10;9411300595;S
20240117;102656;199.260000000;490;9411300596;S
20240117;102656;199.240000000;10;9411300597;S
20240117;102656;199.240000000;20;9411300598;S
20240117;102656;199.240000000;200;9411300599;S
20240117;102656;199.240000000;500;9411300600;S
20240117;102656;199.240000000;1250;9411300601;S
20240117;102656;199.220000000;10;9411300602;S
20240117;102656;199.220000000;90;9411300603;S
20240117;102656;199.200000000;20;9411300604;S
20240117;102656;199.200000000;730;9411300605;S
20240117;102656;199.200000000;20;9411300606;S
20240117;102656;199.200000000;970;9411300607;S
20240117;102656;199.360000000;1000;9411300610;B
20240117;102656;199.360000000;500;9411300611;B
20240117;102657;199.380000000;30;9411300706;B
20240117;102700;199.360000000;20;9411301038;B
20240117;102700;199.380000000;10;9411301039;B
20240117;102701;199.380000000;30;9411301095;B
20240117;102705;199.380000000;30;9411301455;B
20240117;102706;199.380000000;30;9411301538;B
20240117;102720;199.380000000;10;9411303330;B
20240117;102730;199.360000000;260;9411304319;B
20240117;102739;199.380000000;50;9411305400;B
20240117;102740;199.380000000;70;9411305476;B
20240117;102740;199.380000000;10;9411305477;B
20240117;102741;199.380000000;790;9411305580;B
20240117;102741;199.380000000;2210;9411305581;B
20240117;102744;199.360000000;10;9411306054;S
20240117;102744;199.360000000;50;9411306055;S
20240117;102745;199.340000000;10;9411306101;S
20240117;102749;199.260000000;20;9411306840;S
20240117;102751;199.320000000;100;9411307195;B
20240117;102756;199.320000000;30;9411307623;B
20240117;102756;199.320000000;470;9411307624;B
20240117;102756;199.300000000;2500;9411307704;S
20240117;102757;199.260000000;70;9411307736;S
20240117;102801;199.260000000;110;9411308071;S
20240117;102801;199.240000000;300;9411308072;S
20240117;102801;199.220000000;60;9411308073;S
20240117;102801;199.200000000;10;9411308074;S
20240117;102801;199.200000000;500;9411308075;S
20240117;102801;199.160000000;50;9411308076;S
20240117;102802;199.280000000;20;9411308227;B
20240117;102806;199.220000000;30;9411308641;S
20240117;102806;199.180000000;440;9411308642;S
20240117;102808;199.100000000;10;9411308963;S
20240117;102814;199.160000000;30;9411309747;B
20240117;102814;199.160000000;60;9411309748;B
20240117;102817;199.220000000;1000;9411310078;B
20240117;102825;199.260000000;10;9411310857;B
20240117;102827;199.160000000;10;9411311040;S
20240117;102829;199.160000000;30;9411311362;S
20240117;102829;199.160000000;20;9411311363;S
20240117;102840;199.220000000;290;9411312462;B
20240117;102840;199.240000000;50;9411312463;B
20240117;102840;199.240000000;10;9411312464;B
20240117;102840;199.260000000;500;9411312465;B
20240117;102840;199.280000000;150;9411312466;B
20240117;102841;199.160000000;10;9411312624;S
20240117;102841;199.140000000;220;9411312625;S
20240117;102841;199.140000000;50;9411312626;S
20240117;102841;199.120000000;510;9411312627;S
20240117;102841;199.120000000;1680;9411312628;S
20240117;102841;199.120000000;30;9411312629;S
20240117;102842;199.260000000;70;9411312802;B
20240117;102901;199.160000000;10;9411314917;S
20240117;102901;199.160000000;280;9411314951;S
20240117;102901;199.140000000;100;9411314952;S
20240117;102901;199.140000000;120;9411314953;S
20240117;102904;199.140000000;200;9411315428;S
20240117;102904;199.120000000;80;9411315429;S
20240117;102915;199.080000000;10;9411316952;S
20240117;102915;199.080000000;300;9411316953;S
20240117;102915;199.080000000;50;9411316954;S
20240117;102915;199.060000000;10;9411316955;S
20240117;102915;199.060000000;980;9411316956;S
20240117;102915;199.060000000;150;9411316957;S
20240117;102915;199.040000000;10;9411316958;S
20240117;102915;199.040000000;10;9411316959;S
20240117;102915;199.040000000;30;9411316960;S
20240117;102915;199.040000000;300;9411316961;S
20240117;102915;199.020000000;10;9411316962;S
20240117;102915;199.020000000;20;9411316963;S
20240117;102915;199.020000000;50;9411316964;S
20240117;102915;199.020000000;200;9411316965;S
20240117;102915;199.020000000;150;9411316966;S
20240117;102915;199.020000000;170;9411316967;S
20240117;102915;199.000000000;160;9411316968;S
20240117;102915;199.000000000;10;9411316969;S
20240117;102915;199.000000000;20;9411316970;S
20240117;102915;199.000000000;4000;9411316971;S
20240117;102915;199.000000000;4550;9411316972;S
20240117;102915;199.000000000;100;9411316973;S
20240117;102915;199.000000000;10;9411316974;S
20240117;102915;199.000000000;10;9411316975;S
20240117;102915;199.000000000;10;9411316976;S
20240117;102915;199.000000000;5000;9411316977;S
20240117;102915;198.960000000;10;9411316990;S
20240117;102915;198.960000000;10;9411316991;S
20240117;102915;198.960000000;10;9411316992;S
20240117;102915;198.920000000;10;9411316993;S
20240117;102915;198.920000000;60;9411316994;S
20240117;102916;198.920000000;260;9411317041;S
20240117;102916;198.900000000;20;9411317042;S
20240117;102916;198.900000000;220;9411317043;S
20240117;102916;198.900000000;290;9411317082;S
20240117;102916;198.880000000;10;9411317083;S
20240117;102919;199.000000000;20;9411317504;B
20240117;102923;199.000000000;130;9411318088;B
20240117;102923;199.000000000;20;9411318089;B
20240117;102924;198.900000000;10;9411318257;S
20240117;102924;198.900000000;20;9411318258;S
20240117;102927;199.000000000;70;9411318635;B
20240117;102929;199.020000000;70;9411318992;S
20240117;102929;199.020000000;50;9411318993;S
20240117;102929;199.000000000;4930;9411318994;S
20240117;102932;198.920000000;10;9411319446;S
20240117;102939;198.960000000;40;9411320287;B
20240117;102943;198.940000000;400;9411320842;B
20240117;102943;198.900000000;130;9411320846;S
20240117;102943;198.900000000;200;9411320847;B
20240117;102943;198.900000000;100;9411320848;B
20240117;102943;198.900000000;200;9411320849;B
20240117;102943;198.900000000;200;9411320850;B
20240117;102943;198.900000000;100;9411320851;B
20240117;102947;198.840000000;10;9411321401;S
20240117;102947;198.840000000;10;9411321402;S
20240117;102949;198.860000000;160;9411321613;S
20240117;102949;198.840000000;300;9411321619;S
20240117;102950;198.900000000;10;9411321767;B
20240117;102952;198.880000000;10;9411321992;B
20240117;102953;198.840000000;600;9411322048;S
20240117;102954;198.840000000;10;9411322115;S
20240117;102955;198.860000000;340;9411322280;B
20240117;102955;198.860000000;50;9411322281;B
20240117;102955;198.880000000;500;9411322392;S
20240117;102958;198.880000000;500;9411322672;S
20240117;103000;198.880000000;210;9411322758;S
20240117;103000;198.880000000;50;9411322759;S
20240117;103000;198.880000000;510;9411322760;S
20240117;103000;198.880000000;300;9411322761;S
20240117;103000;198.860000000;180;9411322762;S
20240117;103000;198.880000000;10;9411322806;S
20240117;103001;198.880000000;70;9411323023;S
20240117;103001;198.880000000;20;9411323069;S
20240117;103004;198.880000000;480;9411323316;B
20240117;103004;198.900000000;520;9411323317;B
20240117;103007;198.880000000;30;9411323799;S
20240117;103007;198.880000000;50;9411323800;S
20240117;103007;198.880000000;420;9411323801;S
20240117;103009;198.880000000;20;9411324419;S
20240117;103009;198.880000000;10;9411324420;S
20240117;103010;198.880000000;500;9411324431;S
20240117;103013;198.880000000;10;9411324846;S
20240117;103013;198.880000000;10;9411324847;S
20240117;103013;198.880000000;480;9411324848;S
20240117;103014;198.900000000;100;9411325105;B
20240117;103015;198.900000000;390;9411325206;B
20240117;103016;198.880000000;190;9411325325;S
20240117;103016;198.880000000;50;9411325326;S
20240117;103016;198.880000000;20;9411325327;S
20240117;103016;198.880000000;240;9411325328;S
20240117;103019;198.880000000;270;9411325828;S
20240117;103019;198.880000000;20;9411325829;S
20240117;103019;198.880000000;10;9411325830;S
20240117;103019;198.880000000;100;9411325831;B
20240117;103019;198.860000000;10;9411325837;S
20240117;103019;198.860000000;20;9411325914;S
20240117;103020;198.880000000;100;9411326009;B
20240117;103020;198.880000000;10;9411326020;S
20240117;103020;198.880000000;10;9411326103;B
20240117;103021;198.860000000;2500;9411326189;S
20240117;103024;198.880000000;30;9411326588;B
20240117;103025;198.900000000;60;9411326735;B
20240117;103025;198.900000000;40;9411326736;B
20240117;103026;198.880000000;10;9411326808;S
20240117;103026;198.880000000;10;9411326809;S
20240117;103026;198.880000000;230;9411326810;S
20240117;103026;198.880000000;100;9411326817;B
20240117;103029;198.880000000;10;9411327352;B
20240117;103030;198.880000000;100;9411327636;B
20240117;103031;198.860000000;830;9411327734;S
20240117;103031;198.860000000;1070;9411327737;S
20240117;103035;198.900000000;100;9411328472;B
20240117;103037;198.900000000;100;9411328962;B
20240117;103043;198.900000000;100;9411330106;B
20240117;103051;198.900000000;10;9411331825;B
20240117;103056;198.840000000;10;9411332758;S
20240117;103058;198.900000000;100;9411333152;B
20240117;103059;198.900000000;110;9411333283;B
20240117;103059;198.900000000;250;9411333284;B
20240117;103059;198.900000000;10;9411333285;B
20240117;103059;198.920000000;50;9411333286;B
20240117;103059;198.980000000;1820;9411333287;B
20240117;103059;198.980000000;500;9411333288;B
20240117;103059;199.000000000;7260;9411333289;B
20240117;103059;199.000000000;690;9411333291;B
20240117;103059;199.000000000;20;9411333292;B
20240117;103059;199.000000000;10;9411333293;B
20240117;103059;199.020000000;20;9411333299;B
20240117;103106;199.120000000;30;9411334588;B
20240117;103110;199.160000000;10;9411335469;B
20240117;103110;199.180000000;20;9411335470;B
20240117;103113;199.200000000;10;9411336029;B
20240117;103113;199.200000000;20;9411336030;B
20240117;103117;199.200000000;100;9411336777;B
20240117;103117;199.040000000;10;9411336799;S
20240117;103117;199.180000000;100;9411336884;B
20240117;103117;199.180000000;200;9411336885;B
20240117;103118;199.040000000;100;9411337046;S
20240117;103121;199.160000000;10;9411337553;B
20240117;103124;199.160000000;30;9411338168;B
20240117;103126;199.160000000;100;9411338525;B
20240117;103127;199.160000000;50;9411338706;B
20240117;103152;199.020000000;20;9411343813;S
20240117;103152;199.020000000;20;9411343814;S
20240117;103152;199.020000000;280;9411343815;S
20240117;103152;199.000000000;500;9411343816;S
20240117;103152;199.000000000;180;9411343817;S
20240117;103156;199.100000000;100;9411344853;B
20240117;103156;199.100000000;50;9411344865;B
20240117;103156;199.120000000;350;9411344866;B
20240117;103156;199.140000000;250;9411344867;B
20240117;103156;199.140000000;300;9411344868;B
20240117;103156;199.140000000;120;9411344869;B
20240117;103205;199.140000000;100;9411346690;B
20240117;103206;199.140000000;50;9411347086;B
20240117;103206;199.160000000;50;9411347087;B
20240117;103206;199.180000000;40;9411347088;B
20240117;103206;199.180000000;50;9411347089;B
20240117;103206;199.200000000;130;9411347090;B
20240117;103206;199.200000000;290;9411347091;B
20240117;103206;199.200000000;20;9411347092;B
20240117;103206;199.200000000;90;9411347093;B
20240117;103206;199.200000000;280;9411347094;B
20240117;103210;199.220000000;10;9411348082;B
20240117;103210;199.260000000;10;9411348083;B
20240117;103210;199.260000000;50;9411348084;B
20240117;103210;199.280000000;40;9411348085;B
20240117;103210;199.280000000;500;9411348086;B
20240117;103210;199.280000000;170;9411348087;B
20240117;103210;199.300000000;600;9411348088;B
20240117;103210;199.300000000;500;9411348089;B
20240117;103210;199.300000000;20;9411348090;B
20240117;103210;199.300000000;20;9411348091;B
20240117;103210;199.300000000;500;9411348092;B
20240117;103210;199.300000000;870;9411348093;S
20240117;103210;199.300000000;2730;9411348094;S
20240117;103210;199.300000000;680;9411348102;S
20240117;103214;199.220000000;20;9411348914;B
20240117;103214;199.240000000;30;9411348915;B
20240117;103227;199.080000000;10;9411351001;S
20240117;103236;199.140000000;10;9411352677;S
20240117;103236;199.100000000;500;9411352678;S
20240117;103236;199.080000000;70;9411352679;S
20240117;103236;199.080000000;100;9411352680;B
20240117;103236;199.080000000;100;9411352681;B
20240117;103238;199.080000000;40;9411353372;B
20240117;103239;199.080000000;20;9411353534;B
20240117;103242;199.000000000;20;9411354070;S
20240117;103242;199.000000000;30;9411354071;S
20240117;103242;199.000000000;50;9411354072;S
20240117;103242;198.980000000;410;9411354073;S
20240117;103252;199.000000000;10;9411355622;B
20240117;103252;199.000000000;360;9411355623;B
20240117;103254;198.980000000;10;9411355860;S
20240117;103258;199.000000000;30;9411356676;B
20240117;103310;198.980000000;400;9411358895;B
20240117;103325;198.980000000;10;9411360900;B
20240117;103327;198.980000000;40;9411361187;B
20240117;103327;198.980000000;10;9411361188;B
20240117;103330;198.960000000;40;9411361464;S
20240117;103330;198.960000000;10;9411361465;S
20240117;103330;198.960000000;100;9411361466;B
20240117;103330;198.960000000;100;9411361467;B
20240117;103330;198.960000000;100;9411361468;B
20240117;103334;198.960000000;400;9411361780;B
20240117;103334;198.940000000;10;9411361806;S
20240117;103351;198.960000000;1000;9411363971;B
20240117;103354;198.960000000;20;9411364487;B
20240117;103354;198.960000000;10;9411364592;B
20240117;103401;198.940000000;20;9411365494;S
20240117;103401;198.940000000;30;9411365495;S
20240117;103401;198.960000000;10;9411365527;B
20240117;103408;198.960000000;30;9411366490;B
20240117;103411;198.960000000;10;9411367294;B
20240117;103412;198.960000000;70;9411367410;B
20240117;103412;198.960000000;200;9411367411;B
20240117;103412;198.960000000;10;9411367412;B
20240117;103412;198.960000000;100;9411367413;B
20240117;103412;198.960000000;50;9411367414;B
20240117;103412;198.960000000;30;9411367457;B
20240117;103419;199.000000000;100;9411368274;B
20240117;103428;198.980000000;50;9411369685;S
20240117;103428;198.980000000;50;9411369686;S
20240117;103428;198.960000000;20;9411369687;S
20240117;103428;198.960000000;380;9411369688;S
20240117;103428;198.960000000;50;9411369689;S
20240117;103428;199.000000000;100;9411369708;B
20240117;103438;199.000000000;20;9411370702;B
20240117;103441;199.000000000;60;9411371280;B
20240117;103441;199.000000000;10;9411371281;B
20240117;103441;199.000000000;30;9411371282;B
20240117;103443;199.000000000;10;9411371525;B
20240117;103444;199.000000000;10;9411371630;B
20240117;103447;199.000000000;30;9411372030;B
20240117;103449;199.000000000;10;9411372397;B
20240117;103454;198.980000000;10;9411373244;S
20240117;103500;199.000000000;40;9411374147;B
20240117;103505;199.000000000;100;9411375061;B
20240117;103507;198.980000000;50;9411375281;S
20240117;103507;198.980000000;50;9411375282;S
20240117;103508;199.000000000;10;9411375456;B
20240117;103512;198.980000000;10;9411376174;S
20240117;103514;199.000000000;60;9411376546;B
20240117;103514;199.000000000;50;9411376547;B
20240117;103514;199.000000000;130;9411376548;B
20240117;103520;198.980000000;30;9411377499;S
20240117;103533;198.980000000;20;9411379066;S
20240117;103539;199.000000000;60;9411379831;B
20240117;103540;198.980000000;10;9411379930;S
20240117;103544;198.980000000;100;9411380537;S
20240117;103550;198.980000000;290;9411381698;S
20240117;103550;198.980000000;810;9411381699;S
20240117;103553;198.980000000;200;9411382153;S
20240117;103609;198.980000000;10;9411384283;S
20240117;103613;199.000000000;40;9411384940;B
20240117;103614;199.000000000;30;9411385027;B
20240117;103615;199.000000000;20;9411385183;B
