<DATE>;<TIME>;<LAST>;<VOL>;<ID>;<OPER>
20240116;095936;197.800000000;10;9393881514;B
20240116;095936;197.800000000;10;9393881515;B
20240116;095936;197.800000000;10;9393881516;S
20240116;095936;197.800000000;30;9393881517;S
20240116;095936;197.800000000;10;9393881518;S
20240116;095936;197.800000000;60;9393881519;S
20240116;095936;197.800000000;50;9393881520;S
20240116;095936;197.800000000;10;9393881521;B
20240116;095936;197.800000000;10;9393881522;B
20240116;095936;197.800000000;10;9393881523;B
20240116;095936;197.800000000;10;9393881524;S
20240116;095936;197.800000000;490;9393881525;S
20240116;095936;197.800000000;100;9393881526;S
20240116;095936;197.800000000;10;9393881527;S
20240116;095936;197.800000000;400;9393881528;S
20240116;095936;197.800000000;10;9393881529;S
20240116;095936;197.800000000;10;9393881530;S
20240116;095936;197.800000000;100;9393881531;S
20240116;095936;197.800000000;20;9393881532;S
20240116;095936;197.800000000;20;9393881533;B
20240116;095936;197.800000000;30;9393881534;S
20240116;095936;197.800000000;30;9393881535;S
20240116;095936;197.800000000;10;9393881536;S
20240116;095936;197.800000000;50;9393881537;S
20240116;095936;197.800000000;30;9393881538;S
20240116;095936;197.800000000;10;9393881539;S
20240116;095936;197.800000000;10;9393881540;S
20240116;095936;197.800000000;10;9393881541;S
20240116;095936;197.800000000;10;9393881542;S
20240116;095936;197.800000000;10;9393881543;S
20240116;095936;197.800000000;700;9393881544;S
20240116;095936;197.800000000;10;9393881545;S
20240116;095936;197.800000000;10;9393881546;S
20240116;095936;197.800000000;10;9393881547;S
20240116;095936;197.800000000;10;9393881548;S
20240116;095936;197.800000000;100;9393881549;S
20240116;095936;197.800000000;10;9393881550;S
20240116;095936;197.800000000;50;9393881551;S
20240116;095936;197.800000000;40;9393881552;S
20240116;095936;197.800000000;250;9393881553;S
20240116;095936;197.800000000;50;9393881554;S
20240116;095936;197.800000000;10;9393881555;S
20240116;095936;197.800000000;10;9393881556;S
20240116;095936;197.800000000;100;9393881557;S
20240116;095936;197.800000000;1250;9393881558;S
20240116;095936;197.800000000;10;9393881559;B
20240116;095936;197.800000000;2000;9393881560;S
20240116;095936;197.800000000;10;9393881561;S
20240116;095936;197.800000000;760;9393881562;S
20240116;095936;197.800000000;10;9393881563;B
20240116;095936;197.800000000;10;9393881564;S
20240116;100000;197.720000000;80;9393889494;S
20240116;100000;197.700000000;30;9393889601;S
20240116;100000;197.700000000;1000;9393889602;S
20240116;100000;197.680000000;200;9393889625;S
20240116;100000;197.660000000;3140;9393889665;S
20240116;100000;197.600000000;1000;9393889679;S
20240116;100000;197.600000000;20;9393889680;S
20240116;100000;197.600000000;10;9393889681;S
20240116;100000;197.600000000;100;9393889682;S
20240116;100000;197.600000000;10;9393889683;S
20240116;100000;197.600000000;50;9393889684;S
20240116;100000;197.540000000;10;9393889703;S
20240116;100000;197.540000000;2300;9393889704;S
20240116;100000;197.500000000;100;9393889986;S
20240116;100000;197.500000000;100;9393889987;S
20240116;100000;197.480000000;800;9393889988;S
20240116;100000;197.480000000;200;9393890011;S
20240116;100000;197.460000000;100;9393890024;S
20240116;100000;197.460000000;10;9393890025;S
20240116;100000;197.460000000;100;9393890026;S
20240116;100000;197.420000000;50;9393890027;S
20240116;100000;197.400000000;50;9393890028;S
20240116;100000;197.340000000;450;9393890029;S
20240116;100000;197.360000000;510;9393890030;S
20240116;100000;197.300000000;510;9393890036;S
20240116;100001;197.460000000;240;9393890355;B
20240116;100001;197.460000000;500;9393890356;B
20240116;100001;197.500000000;80;9393890785;S
20240116;100001;197.400000000;10;9393890786;S
20240116;100001;197.320000000;10;9393890787;S
20240116;100002;197.240000000;20;9393890973;S
20240116;100002;197.240000000;10;9393890974;S
20240116;100002;197.240000000;50;9393890975;S
20240116;100002;197.220000000;10;9393890976;S
20240116;100002;197.220000000;20;9393890977;S
20240116;100002;197.200000000;150;9393890978;S
20240116;100002;197.200000000;10;9393890979;S
20240116;100002;197.200000000;40;9393890980;S
20240116;100002;197.120000000;390;9393890981;S
20240116;100002;197.100000000;10;9393890988;S
20240116;100002;197.100000000;20;9393890989;S
20240116;100002;197.100000000;10;9393890990;S
20240116;100002;197.100000000;10;9393890991;S
20240116;100002;197.100000000;20;9393890992;S
20240116;100002;197.220000000;40;9393891529;S
20240116;100002;197.200000000;120;9393891530;S
20240116;100002;197.280000000;20;9393891546;B
20240116;100002;197.300000000;300;9393891548;B
20240116;100002;197.280000000;180;9393891724;S
20240116;100002;197.220000000;20;9393891725;S
20240116;100003;197.220000000;20;9393891764;S
20240116;100003;197.200000000;50;9393891765;S
20240116;100003;197.200000000;240;9393891766;S
20240116;100004;197.260000000;30;9393892358;S
20240116;100004;197.260000000;20;9393892360;S
20240116;100004;197.540000000;10;9393892430;B
20240116;100005;197.580000000;200;9393893249;B
20240116;100005;197.580000000;10;9393893795;B
20240116;100005;197.640000000;20;9393894155;B
20240116;100005;197.300000000;10;9393894243;S
20240116;100005;197.260000000;50;9393894244;S
20240116;100005;197.240000000;10;9393894245;S
20240116;100005;197.240000000;30;9393894246;S
20240116;100005;197.160000000;10;9393894496;S
20240116;100005;197.340000000;10;9393894571;B
20240116;100005;197.160000000;10;9393894581;S
20240116;100005;197.300000000;100;9393894710;B
20240116;100005;197.160000000;50;9393894835;S
20240116;100005;197.280000000;190;9393894948;B
20240116;100006;197.400000000;200;9393895065;B
20240116;100006;197.160000000;10;9393895137;S
20240116;100006;197.400000000;40;9393895139;B
20240116;100006;197.320000000;640;9393895208;B
20240116;100006;197.140000000;80;9393895637;S
20240116;100006;197.140000000;10;9393895638;S
20240116;100006;197.140000000;210;9393895639;S
20240116;100006;197.320000000;670;9393895774;B
20240116;100006;197.180000000;60;9393895865;S
20240116;100007;197.400000000;200;9393895926;B
20240116;100007;197.380000000;900;9393896043;B
20240116;100007;197.360000000;1100;9393896433;B
20240116;100007;197.600000000;10;9393896499;S
20240116;100007;197.400000000;30;9393896531;S
20240116;100008;197.360000000;60;9393897155;S
20240116;100008;197.560000000;100;9393897222;B
20240116;100008;197.600000000;1180;9393897223;B
20240116;100008;197.540000000;100;9393897573;B
20240116;100009;197.660000000;510;9393897743;S
20240116;100009;197.680000000;510;9393897816;S
20240116;100010;197.660000000;20;9393899001;S
20240116;100011;197.680000000;90;9393899866;B
20240116;100016;197.660000000;10;9393902555;B
20240116;100016;197.680000000;160;9393902556;B
20240116;100016;197.740000000;10;9393902557;B
20240116;100016;197.780000000;100;9393902628;B
20240116;100016;197.800000000;1050;9393902643;B
20240116;100016;197.800000000;590;9393902644;B
20240116;100016;197.800000000;180;9393902650;B
20240116;100017;197.800000000;90;9393902713;B
20240116;100017;197.800000000;1320;9393902714;B
20240116;100017;197.960000000;180;9393902724;B
20240116;100017;197.900000000;480;9393902750;S
20240116;100017;197.960000000;40;9393902861;B
20240116;100017;197.960000000;30;9393902865;B
20240116;100018;197.980000000;100;9393903118;B
20240116;100019;197.640000000;50;9393903320;S
20240116;100020;197.980000000;100;9393903553;B
20240116;100022;197.760000000;20;9393904186;S
20240116;100023;197.720000000;430;9393904304;S
20240116;100023;197.700000000;8830;9393904305;S
20240116;100023;197.640000000;580;9393904306;S
20240116;100023;197.500000000;160;9393904307;S
20240116;100027;197.580000000;20;9393905940;S
20240116;100029;197.560000000;10;9393906636;S
20240116;100042;197.500000000;10;9393909541;S
20240116;100045;197.580000000;10;9393910261;B
20240116;100046;197.500000000;40;9393910586;S
20240116;100046;197.480000000;100;9393910587;S
20240116;100046;197.460000000;10;9393910588;S
20240116;100056;197.500000000;220;9393912790;B
20240116;100101;197.560000000;180;9393924097;B
20240116;100102;197.560000000;1300;9393924218;B
20240116;100103;197.560000000;860;9393924342;B
20240116;100110;197.500000000;780;9393925511;S
20240116;100110;197.480000000;20;9393925512;S
20240116;100112;197.520000000;20;9393925824;B
20240116;100112;197.520000000;60;9393925825;B
20240116;100112;197.540000000;20;9393925826;B
20240116;100120;197.340000000;10;9393927084;B
20240116;100121;197.320000000;10;9393927098;S
20240116;100121;197.320000000;10;9393927102;S
20240116;100121;197.340000000;160;9393927216;B
20240116;100122;197.520000000;10;9393927228;B
20240116;100125;197.340000000;510;9393927612;S
20240116;100125;197.340000000;60;9393927613;S
20240116;100125;197.320000000;180;9393927614;S
20240116;100125;197.320000000;100;9393927615;S
20240116;100125;197.300000000;100;9393927616;S
20240116;100125;197.300000000;10;9393927617;S
20240116;100125;197.280000000;50;9393927618;S
20240116;100125;197.260000000;20;9393927799;S
20240116;100125;197.260000000;30;9393927800;S
20240116;100126;197.280000000;370;9393927841;B
20240116;100129;197.500000000;10;9393928311;B
20240116;100131;197.320000000;60;9393928452;B
20240116;100132;197.480000000;20;9393928789;B
20240116;100132;197.500000000;90;9393928790;B
20240116;100132;197.500000000;50;9393928791;B
20240116;100132;197.540000000;840;9393928792;B
20240116;100132;197.520000000;10;9393928796;B
20240116;100151;197.500000000;140;9393931646;B
20240116;100201;197.560000000;600;9393933127;B
20240116;100203;197.560000000;10;9393933367;B
20240116;100208;197.560000000;430;9393934128;B
20240116;100208;197.600000000;150;9393934132;B
20240116;100213;197.740000000;10;9393934762;B
20240116;100213;197.760000000;60;9393934763;B
20240116;100213;197.760000000;40;9393934764;B
20240116;100213;197.780000000;980;9393934765;B
20240116;100213;197.780000000;1260;9393934766;B
20240116;100213;197.880000000;650;9393934767;B
20240116;100213;197.620000000;200;9393934772;S
20240116;100216;197.820000000;10;9393935234;B
20240116;100216;197.840000000;100;9393935235;B
20240116;100216;197.860000000;390;9393935236;B
20240116;100229;197.820000000;50;9393937195;B
20240116;100229;197.840000000;150;9393937196;B
20240116;100238;197.820000000;70;9393938596;B
20240116;100250;197.820000000;70;9393940512;B
20240116;100250;197.820000000;30;9393940513;B
20240116;100256;197.620000000;40;9393941482;S
20240116;100303;197.780000000;30;9393942586;B
20240116;100307;197.820000000;10;9393943481;B
20240116;100309;197.660000000;20;9393943856;S
20240116;100309;197.660000000;80;9393943857;S
20240116;100325;197.680000000;50;9393946422;B
20240116;100325;197.700000000;40;9393946423;B
20240116;100325;197.700000000;510;9393946424;B
20240116;100325;197.720000000;1000;9393946425;B
20240116;100325;197.740000000;100;9393946426;B
20240116;100325;197.740000000;300;9393946427;B
20240116;100333;197.660000000;50;9393947491;S
20240116;100333;197.660000000;50;9393947492;S
20240116;100333;197.680000000;50;9393947548;B
20240116;100333;197.680000000;50;9393947549;S
20240116;100333;197.680000000;100;9393947550;S
20240116;100334;197.700000000;500;9393947692;B
20240116;100338;197.560000000;100;9393948423;S
20240116;100338;197.560000000;500;9393948424;S
20240116;100338;197.520000000;510;9393948425;S
20240116;100338;197.500000000;200;9393948426;S
20240116;100338;197.500000000;40;9393948427;S
20240116;100338;197.500000000;510;9393948428;S
20240116;100338;197.500000000;20;9393948429;S
20240116;100338;197.500000000;550;9393948430;S
20240116;100344;197.640000000;20;9393949068;B
20240116;100347;197.500000000;20;9393949611;S
20240116;100348;197.640000000;230;9393949731;B
20240116;100348;197.640000000;100;9393949732;B
20240116;100348;197.640000000;100;9393949733;B
20240116;100348;197.640000000;50;9393949734;B
20240116;100348;197.660000000;500;9393949735;B
20240116;100350;197.660000000;30;9393949986;B
20240116;100351;197.500000000;10;9393950183;S
20240116;100353;197.680000000;100;9393950380;B
20240116;100353;197.680000000;130;9393950381;B
20240116;100353;197.680000000;30;9393950382;B
20240116;100353;197.680000000;50;9393950383;B
20240116;100353;197.700000000;90;9393950384;B
20240116;100354;197.680000000;10;9393950484;B
20240116;100400;197.540000000;20;9393951403;S
20240116;100400;197.640000000;60;9393951404;B
20240116;100400;197.660000000;340;9393951405;B
20240116;100404;197.580000000;100;9393952244;B
20240116;100404;197.580000000;300;9393952245;B
20240116;100408;197.600000000;2350;9393952970;B
20240116;100408;197.600000000;50;9393952971;B
20240116;100408;197.660000000;510;9393952972;B
20240116;100408;197.660000000;30;9393952973;B
20240116;100408;197.680000000;60;9393952974;B
20240116;100408;197.580000000;20;9393953110;S
20240116;100413;197.640000000;10;9393954277;B
20240116;100413;197.640000000;20;9393954278;B
20240116;100414;197.580000000;10;9393954640;S
20240116;100419;197.580000000;10;9393955688;S
20240116;100429;197.580000000;360;9393957607;S
20240116;100429;197.580000000;400;9393957608;S
20240116;100429;197.540000000;80;9393957609;S
20240116;100429;197.540000000;500;9393957610;S
20240116;100429;197.540000000;50;9393957611;S
20240116;100429;197.520000000;100;9393957612;S
20240116;100429;197.520000000;100;9393957613;S
20240116;100429;197.500000000;10;9393957614;S
20240116;100433;197.620000000;20;9393958232;B
20240116;100436;197.620000000;10;9393958852;B
20240116;100436;197.640000000;50;9393958853;B
20240116;100436;197.640000000;10;9393958854;B
20240116;100436;197.640000000;20;9393958855;B
20240116;100436;197.640000000;10;9393958856;B
20240116;100436;197.640000000;100;9393958857;B
20240116;100436;197.660000000;160;9393958858;B
20240116;100436;197.660000000;510;9393958859;B
20240116;100436;197.660000000;100;9393958860;B
20240116;100436;197.680000000;530;9393958861;B
20240116;100439;197.580000000;110;9393959366;S
20240116;100441;197.520000000;100;9393959799;S
20240116;100441;197.500000000;490;9393959800;S
20240116;100441;197.500000000;10;9393959801;S
20240116;100441;197.500000000;500;9393959802;S
20240116;100441;197.500000000;50;9393959803;S
20240116;100442;197.440000000;10;9393959947;S
20240116;100442;197.420000000;500;9393959948;S
20240116;100442;197.400000000;30;9393959949;S
20240116;100442;197.400000000;50;9393959950;S
20240116;100442;197.360000000;410;9393959951;S
20240116;100443;197.360000000;100;9393960129;S
20240116;100445;197.360000000;1000;9393960501;S
20240116;100449;197.500000000;350;9393961092;B
20240116;100449;197.500000000;10;9393961093;B
20240116;100449;197.520000000;50;9393961094;B
20240116;100449;197.560000000;40;9393961095;B
20240116;100449;197.580000000;20;9393961096;B
20240116;100449;197.600000000;200;9393961097;B
20240116;100449;197.600000000;10;9393961098;B
20240116;100449;197.620000000;300;9393961099;B
20240116;100504;197.580000000;50;9393964216;B
20240116;100509;197.580000000;20;9393965216;S
20240116;100510;197.580000000;10;9393965382;S
20240116;100513;197.580000000;320;9393966239;S
20240116;100518;197.600000000;50;9393967120;B
20240116;100518;197.620000000;150;9393967121;B
20240116;100520;197.580000000;100;9393967415;S
20240116;100520;197.580000000;500;9393967416;S
20240116;100520;197.580000000;130;9393967417;S
20240116;100520;197.500000000;120;9393967418;S
20240116;100520;197.440000000;100;9393967419;S
20240116;100520;197.420000000;20;9393967420;S
20240116;100520;197.400000000;310;9393967421;S
20240116;100520;197.380000000;500;9393967422;S
20240116;100520;197.360000000;510;9393967423;S
20240116;100520;197.360000000;10;9393967424;S
20240116;100520;197.340000000;1200;9393967425;S
20240116;100520;197.540000000;260;9393967523;B
20240116;100520;197.560000000;20;9393967524;B
20240116;100521;197.560000000;100;9393967737;B
20240116;100528;197.500000000;10;9393968880;B
20240116;100531;197.420000000;100;9393969558;S
20240116;100533;197.420000000;130;9393969801;S
20240116;100534;197.420000000;250;9393969921;S
20240116;100534;197.420000000;500;9393969922;S
20240116;100534;197.400000000;20;9393969923;S
20240116;100534;197.380000000;230;9393969924;S
20240116;100538;197.360000000;80;9393970598;S
20240116;100541;197.480000000;10;9393970959;B
20240116;100550;197.340000000;100;9393972587;S
20240116;100552;197.420000000;100;9393972819;B
20240116;100552;197.440000000;250;9393972820;B
20240116;100555;197.360000000;10;9393973239;S
20240116;100555;197.360000000;110;9393973240;S
20240116;100557;197.380000000;100;9393973445;B
20240116;100557;197.400000000;100;9393973446;B
20240116;100557;197.420000000;50;9393973447;B
20240116;100557;197.440000000;920;9393973448;B
20240116;100558;197.360000000;30;9393973541;S
20240116;100558;197.360000000;150;9393973542;S
20240116;100558;197.340000000;100;9393973543;S
20240116;100558;197.340000000;590;9393973544;S
20240116;100559;197.320000000;10;9393973756;S
20240116;100606;197.340000000;80;9393974908;S
20240116;100606;197.320000000;5090;9393974909;S
20240116;100606;197.320000000;20;9393974910;S
20240116;100606;197.320000000;100;9393974911;B
20240116;100610;197.300000000;10;9393975545;S
20240116;100611;197.320000000;10;9393975655;B
20240116;100611;197.320000000;100;9393975735;B
20240116;100614;197.300000000;20;9393976123;S
20240116;100616;197.300000000;20;9393976375;S
20240116;100618;197.320000000;50;9393976539;B
20240116;100619;197.300000000;20;9393976648;S
20240116;100619;197.320000000;10;9393976692;B
20240116;100619;197.320000000;100;9393976694;B
20240116;100619;197.300000000;10;9393976710;S
20240116;100619;197.300000000;60;9393976712;S
20240116;100621;197.300000000;300;9393976940;S
20240116;100621;197.320000000;2440;9393976960;B
20240116;100621;197.320000000;50;9393976961;B
20240116;100621;197.460000000;10;9393977015;B
20240116;100622;197.340000000;20;9393977096;S
20240116;100627;197.340000000;10;9393977689;S
20240116;100627;197.340000000;40;9393977691;S
20240116;100627;197.340000000;10;9393977692;S
20240116;100631;197.460000000;10;9393978388;B
20240116;100636;197.360000000;50;9393979014;S
20240116;100636;197.340000000;10;9393979015;S
20240116;100636;197.340000000;290;9393979016;S
20240116;100636;197.340000000;20;9393979189;S
20240116;100644;197.320000000;1000;9393980526;S
20240116;100649;197.320000000;90;9393980983;S
20240116;100649;197.320000000;30;9393981072;S
20240116;100654;197.320000000;60;9393982024;S
20240116;100703;197.400000000;10;9393983662;B
20240116;100703;197.400000000;50;9393983663;B
20240116;100703;197.400000000;40;9393983664;B
20240116;100708;197.320000000;300;9393984404;S
20240116;100715;197.320000000;30;9393985257;S
20240116;100715;197.320000000;100;9393985258;S
20240116;100715;197.320000000;60;9393985259;S
20240116;100734;197.320000000;10;9393988137;S
20240116;100734;197.380000000;10;9393988160;B
20240116;100734;197.400000000;50;9393988161;B
20240116;100734;197.420000000;440;9393988162;B
20240116;100735;197.320000000;30;9393988248;S
20240116;100735;197.320000000;10;9393988249;S
20240116;100735;197.320000000;100;9393988250;S
20240116;100735;197.320000000;10;9393988251;S
20240116;100736;197.300000000;70;9393988470;S
20240116;100736;197.260000000;10;9393988471;S
20240116;100752;197.300000000;20;9393990684;S
20240116;100756;197.320000000;100;9393991260;B
20240116;100757;197.300000000;10;9393991394;S
20240116;100807;197.320000000;10;9393992759;B
20240116;100817;197.300000000;200;9393993664;S
20240116;100817;197.300000000;200;9393993769;S
20240116;100817;197.300000000;200;9393993770;S
20240116;100818;197.300000000;200;9393993788;S
20240116;100818;197.300000000;170;9393993795;S
20240116;100819;197.260000000;30;9393993930;S
20240116;100832;197.280000000;10;9393995984;B
20240116;100837;197.300000000;4850;9393996636;B
20240116;100837;197.300000000;50;9393996637;B
20240116;100845;197.300000000;100;9393997797;S
20240116;100845;197.300000000;20;9393997798;S
20240116;100845;197.300000000;10;9393997799;S
20240116;100846;197.320000000;10;9393997871;B
20240116;100849;197.300000000;10;9393998414;S
20240116;100855;197.320000000;440;9393999234;B
20240116;100855;197.320000000;50;9393999235;B
20240116;100855;197.320000000;10;9393999236;B
20240116;100856;197.300000000;130;9393999375;S
20240116;100856;197.280000000;50;9393999376;S
20240116;100856;197.260000000;70;9393999377;S
20240116;100856;197.260000000;250;9393999378;S
20240116;100856;197.260000000;10;9393999379;S
20240116;100856;197.240000000;20;9393999380;S
20240116;100856;197.240000000;60;9393999381;S
20240116;100856;197.220000000;410;9393999382;S
20240116;100856;197.320000000;20;9393999415;B
20240116;100859;197.240000000;30;9393999727;S
20240116;100859;197.220000000;250;9393999728;S
20240116;100859;197.220000000;10;9393999729;S
20240116;100859;197.220000000;100;9393999730;S
20240116;100859;197.220000000;10;9393999731;S
20240116;100859;197.200000000;20;9393999732;S
20240116;100859;197.200000000;200;9393999733;S
20240116;100859;197.200000000;10;9393999734;S
20240116;100859;197.200000000;150;9393999735;S
20240116;100859;197.200000000;220;9393999736;S
20240116;100902;197.220000000;10;9394000232;S
20240116;100904;197.200000000;100;9394000518;S
20240116;100907;197.220000000;10;9394001014;S
20240116;100907;197.200000000;40;9394001015;S
20240116;100913;197.220000000;10;9394001703;S
20240116;100913;197.220000000;50;9394001704;S
20240116;100913;197.200000000;1080;9394001705;S
20240116;100915;197.200000000;120;9394001863;S
20240116;100917;197.200000000;30;9394002129;S
20240116;100918;197.200000000;100;9394002151;S
20240116;100920;197.200000000;100;9394002494;S
20240116;100922;197.200000000;50;9394002825;S
20240116;100936;197.200000000;690;9394004595;S
20240116;100937;197.200000000;10;9394004752;S
20240116;100941;197.200000000;490;9394005143;S
20240116;100943;197.240000000;10;9394005400;S
20240116;100943;197.240000000;20;9394005438;S
20240116;100944;197.260000000;10;9394005559;B
20240116;100944;197.260000000;90;9394005560;B
20240116;100944;197.260000000;10;9394005587;B
20240116;100946;197.300000000;10;9394005825;B
20240116;100952;197.260000000;10;9394006685;S
20240116;101000;197.240000000;170;9394007619;S
20240116;101000;197.240000000;10;9394007620;S
20240116;101000;197.200000000;320;9394007621;S
20240116;101003;197.300000000;90;9394008039;B
20240116;101003;197.300000000;50;9394008040;B
20240116;101003;197.320000000;510;9394008041;B
20240116;101003;197.320000000;510;9394008042;B
20240116;101003;197.340000000;510;9394008043;B
20240116;101003;197.360000000;1820;9394008044;B
20240116;101003;197.380000000;510;9394008045;B
20240116;101008;197.240000000;250;9394008716;S
20240116;101008;197.220000000;1820;9394008717;S
20240116;101008;197.200000000;1940;9394008718;S
20240116;101008;197.200000000;10;9394008719;S
20240116;101008;197.200000000;980;9394008720;S
20240116;101009;197.240000000;300;9394009152;S
20240116;101010;197.200000000;100;9394009168;S
20240116;101010;197.200000000;100;9394009169;S
20240116;101010;197.200000000;30;9394009293;S
20240116;101015;197.300000000;50;9394010228;B
20240116;101017;197.240000000;10;9394010637;B
20240116;101017;197.260000000;10;9394010638;S
20240116;101018;197.200000000;70;9394010689;S
20240116;101018;197.200000000;120;9394010718;B
20240116;101020;197.200000000;200;9394011068;S
20240116;101020;197.300000000;50;9394011146;B
20240116;101020;197.300000000;50;9394011147;B
20240116;101026;197.200000000;100;9394012055;S
20240116;101030;197.200000000;30;9394012710;S
20240116;101030;197.200000000;50;9394012841;S
20240116;101030;197.180000000;30;9394012842;S
20240116;101030;197.160000000;100;9394012843;S
20240116;101030;197.140000000;10;9394012844;S
20240116;101030;197.140000000;50;9394012845;S
20240116;101030;197.120000000;10;9394012846;S
20240116;101030;197.120000000;300;9394012847;S
20240116;101030;197.120000000;10;9394012848;S
20240116;101030;197.100000000;40;9394012849;S
20240116;101032;197.220000000;10;9394013231;B
20240116;101033;197.220000000;50;9394013333;B
20240116;101040;197.100000000;10;9394014373;S
20240116;101044;197.120000000;30;9394015068;B
20240116;101045;197.120000000;100;9394015096;B
20240116;101048;197.100000000;10;9394015533;S
20240116;101051;197.100000000;10;9394015921;S
20240116;101053;197.120000000;30;9394016201;B
20240116;101053;197.120000000;10;9394016218;B
20240116;101054;197.100000000;30;9394016461;S
20240116;101054;197.100000000;10;9394016462;S
20240116;101057;197.120000000;80;9394016827;B
20240116;101057;197.200000000;40;9394016828;B
20240116;101057;197.200000000;50;9394016829;B
20240116;101057;197.220000000;30;9394016830;B
20240116;101102;197.100000000;100;9394017555;S
20240116;101102;197.100000000;200;9394017556;S
20240116;101102;197.100000000;200;9394017557;S
20240116;101102;197.100000000;20;9394017558;S
20240116;101102;197.080000000;300;9394017559;S
20240116;101102;197.080000000;30;9394017560;S
20240116;101102;197.060000000;10;9394017561;S
20240116;101102;197.060000000;150;9394017562;S
20240116;101102;197.040000000;170;9394017563;S
20240116;101102;197.040000000;10;9394017564;S
20240116;101102;197.040000000;800;9394017565;S
20240116;101102;197.040000000;880;9394017566;S
20240116;101102;197.020000000;100;9394017567;S
20240116;101102;197.020000000;10;9394017568;S
20240116;101102;197.020000000;50;9394017569;S
20240116;101102;197.020000000;320;9394017570;S
20240116;101102;197.020000000;10;9394017571;S
20240116;101102;197.020000000;10;9394017572;S
20240116;101102;197.020000000;30;9394017573;S
20240116;101102;197.020000000;10;9394017574;S
20240116;101102;197.020000000;1580;9394017575;S
20240116;101112;197.080000000;330;9394019065;S
20240116;101112;197.100000000;100;9394019123;B
20240116;101114;197.100000000;20;9394019378;B
20240116;101118;197.100000000;10;9394019977;B
20240116;101120;197.080000000;30;9394020324;S
20240116;101121;197.080000000;200;9394020514;S
20240116;101121;197.080000000;50;9394020515;S
20240116;101124;197.100000000;10;9394020776;B
20240116;101126;197.080000000;10;9394021010;S
20240116;101127;197.100000000;10;9394021170;B
20240116;101131;197.080000000;30;9394022135;S
20240116;101132;197.100000000;40;9394022548;B
20240116;101132;197.100000000;10;9394022549;B
20240116;101132;197.100000000;50;9394022550;B
20240116;101136;197.080000000;910;9394023690;S
20240116;101136;197.080000000;10;9394023691;S
20240116;101136;197.060000000;40;9394023692;S
20240116;101136;197.040000000;80;9394023693;S
20240116;101136;197.040000000;100;9394023694;S
20240116;101136;197.020000000;1860;9394023695;S
20240116;101136;197.020000000;120;9394023812;S
20240116;101141;197.040000000;20;9394024381;S
20240116;101147;197.040000000;500;9394025138;S
20240116;101149;197.080000000;20;9394025347;B
20240116;101149;197.100000000;150;9394025393;B
20240116;101149;197.100000000;10;9394025394;B
20240116;101149;197.100000000;840;9394025395;B
20240116;101150;197.080000000;100;9394025521;S
20240116;101150;197.040000000;150;9394025522;S
20240116;101152;197.040000000;330;9394025941;S
20240116;101152;197.040000000;40;9394025942;S
20240116;101152;197.020000000;130;9394025943;S
20240116;101154;197.100000000;160;9394026293;B
20240116;101154;197.100000000;40;9394026294;B
20240116;101155;197.100000000;10;9394026356;B
20240116;101157;197.040000000;20;9394026676;S
20240116;101157;197.020000000;140;9394026677;S
20240116;101159;197.040000000;10;9394027007;S
20240116;101200;197.020000000;300;9394027118;S
20240116;101200;197.020000000;370;9394027145;S
20240116;101206;197.020000000;800;9394027957;S
20240116;101209;197.040000000;10;9394028277;B
20240116;101218;197.040000000;20;9394029587;B
20240116;101218;197.040000000;10;9394029588;B
20240116;101219;197.040000000;30;9394029784;B
20240116;101221;197.020000000;50;9394030332;S
20240116;101221;197.020000000;200;9394030363;S
20240116;101222;197.020000000;200;9394030410;S
20240116;101222;197.020000000;200;9394030411;S
20240116;101223;197.020000000;100;9394030628;S
20240116;101223;197.020000000;300;9394030724;S
20240116;101224;197.040000000;10;9394030791;B
20240116;101224;197.020000000;1040;9394031020;S
20240116;101226;197.040000000;10;9394031301;B
20240116;101226;197.040000000;10;9394031302;B
20240116;101228;197.020000000;100;9394031661;S
20240116;101229;197.020000000;10;9394031946;S
20240116;101231;197.040000000;30;9394033183;B
20240116;101231;197.020000000;300;9394033328;S
20240116;101231;197.020000000;2200;9394033336;S
20240116;101231;197.020000000;380;9394033337;S
20240116;101231;197.020000000;10;9394033338;S
20240116;101231;197.020000000;10;9394033339;S
20240116;101231;197.020000000;480;9394033340;S
20240116;101231;197.020000000;200;9394033341;S
20240116;101231;197.000000000;200;9394033342;S
20240116;101231;197.000000000;500;9394033343;S
20240116;101231;197.000000000;2000;9394033344;S
20240116;101231;197.000000000;30;9394033345;S
20240116;101231;197.000000000;10;9394033346;S
20240116;101231;197.000000000;200;9394033347;S
20240116;101231;197.000000000;1000;9394033348;S
20240116;101231;197.000000000;10;9394033349;S
20240116;101231;197.000000000;100;9394033350;S
20240116;101231;197.000000000;50;9394033351;S
20240116;101231;197.000000000;600;9394033352;S
20240116;101231;197.000000000;10;9394033353;S
20240116;101231;197.000000000;100;9394033354;S
20240116;101231;197.000000000;20;9394033355;S
20240116;101231;197.000000000;1000;9394033356;S
20240116;101231;197.000000000;10;9394033357;S
20240116;101231;197.000000000;50;9394033358;S
20240116;101231;197.000000000;10;9394033359;S
20240116;101231;197.000000000;100;9394033360;S
20240116;101231;197.000000000;100;9394033361;S
20240116;101231;197.000000000;10;9394033362;S
20240116;101231;197.000000000;10;9394033363;S
20240116;101231;197.000000000;500;9394033364;S
20240116;101231;197.000000000;60;9394033365;S
20240116;101231;197.000000000;10;9394033366;S
20240116;101231;197.000000000;10;9394033367;S
20240116;101231;197.000000000;14980;9394033368;S
20240116;101231;197.000000000;500;9394033369;S
20240116;101231;197.000000000;200;9394033370;S
20240116;101231;197.000000000;10;9394033371;S
20240116;101231;197.000000000;500;9394033372;S
20240116;101231;197.000000000;1000;9394033373;S
20240116;101231;197.000000000;200;9394033374;S
20240116;101231;196.980000000;200;9394033375;S
20240116;101231;196.980000000;860;9394033376;S
20240116;101231;196.960000000;10;9394033377;S
20240116;101231;196.960000000;490;9394033378;S
20240116;101231;196.960000000;500;9394033379;S
20240116;101231;196.960000000;10;9394033380;S
20240116;101231;196.940000000;100;9394033381;S
20240116;101231;196.940000000;310;9394033382;S
20240116;101231;196.920000000;200;9394033406;S
20240116;101231;196.900000000;10;9394033407;S
20240116;101231;196.900000000;30;9394033408;S
20240116;101231;196.860000000;10;9394033409;S
20240116;101231;196.860000000;90;9394033410;S
20240116;101231;196.840000000;90;9394033411;S
20240116;101231;196.840000000;10;9394033412;S
20240116;101231;196.820000000;1000;9394033413;S
20240116;101231;196.820000000;10;9394033414;S
20240116;101231;196.820000000;810;9394033415;S
20240116;101231;196.820000000;190;9394033437;S
20240116;101231;196.800000000;200;9394033438;S
20240116;101231;196.800000000;10;9394033439;S
20240116;101231;196.800000000;300;9394033441;S
20240116;101231;196.800000000;10;9394033442;S
20240116;101231;196.800000000;290;9394033443;S
20240116;101231;196.840000000;10;9394033448;B
20240116;101232;196.800000000;470;9394033601;S
20240116;101232;196.800000000;100;9394033602;S
20240116;101232;196.800000000;140;9394033646;S
20240116;101232;196.800000000;20;9394033647;S
20240116;101232;196.800000000;100;9394033648;S
20240116;101232;196.760000000;140;9394033649;S
20240116;101232;196.880000000;200;9394033655;B
20240116;101232;196.760000000;20;9394033685;S
20240116;101232;196.760000000;50;9394033687;S
20240116;101232;196.760000000;20;9394033691;S
20240116;101232;196.860000000;50;9394033749;B
20240116;101232;196.800000000;100;9394033761;S
20240116;101233;196.860000000;50;9394033774;B
20240116;101233;196.860000000;100;9394033816;B
20240116;101233;196.800000000;80;9394033818;S
20240116;101233;196.800000000;10;9394033819;S
20240116;101234;196.800000000;10;9394034238;S
20240116;101234;196.780000000;200;9394034239;S
20240116;101234;196.780000000;400;9394034290;S
20240116;101234;196.780000000;10;9394034674;B
20240116;101234;196.760000000;530;9394034754;S
20240116;101234;196.760000000;470;9394034755;S
20240116;101235;196.760000000;870;9394034860;S
20240116;101235;196.760000000;1620;9394034861;S
20240116;101235;196.740000000;70;9394035134;S
20240116;101235;196.740000000;30;9394035135;S
20240116;101236;196.720000000;2000;9394035454;S
20240116;101236;196.720000000;10;9394035455;S
20240116;101236;196.700000000;50;9394035568;S
20240116;101236;196.700000000;10;9394035569;S
20240116;101236;196.740000000;10;9394035570;B
20240116;101236;196.700000000;20;9394035891;S
20240116;101236;196.700000000;10;9394035892;S
20240116;101236;196.700000000;170;9394035893;S
20240116;101236;196.700000000;10;9394035894;S
20240116;101236;196.700000000;100;9394036017;S
20240116;101236;196.700000000;90;9394036018;S
20240116;101236;196.700000000;2630;9394036019;S
20240116;101236;196.700000000;40;9394036020;S
20240116;101236;196.660000000;10;9394036051;S
20240116;101236;196.660000000;30;9394036052;S
20240116;101236;196.660000000;20;9394036053;S
20240116;101236;196.640000000;60;9394036054;S
20240116;101236;196.700000000;100;9394036061;S
20240116;101237;196.700000000;150;9394036081;B
20240116;101237;196.640000000;40;9394036094;S
20240116;101237;196.620000000;10;9394036287;S
20240116;101237;196.620000000;100;9394036288;S
20240116;101237;196.620000000;20;9394036289;S
20240116;101237;196.600000000;100;9394036290;S
20240116;101237;196.600000000;10;9394036291;S
20240116;101237;196.600000000;760;9394036292;S
20240116;101237;196.600000000;10;9394036351;S
20240116;101237;196.640000000;50;9394036386;B
20240116;101237;196.600000000;10;9394036429;S
20240116;101237;196.640000000;50;9394036460;B
20240116;101237;196.600000000;50;9394036479;S
20240116;101238;196.600000000;60;9394036484;S
20240116;101238;196.600000000;310;9394036545;S
20240116;101238;196.600000000;500;9394036546;S
20240116;101238;196.600000000;10;9394036547;S
20240116;101238;196.600000000;10;9394036548;S
20240116;101238;196.600000000;100;9394036551;B
20240116;101238;196.600000000;100;9394036561;B
20240116;101238;196.580000000;300;9394036585;S
20240116;101238;196.560000000;20;9394036586;S
20240116;101238;196.520000000;10;9394036587;S
20240116;101238;196.520000000;10;9394036588;S
20240116;101238;196.520000000;20;9394036589;S
20240116;101238;196.520000000;130;9394036590;S
20240116;101238;196.500000000;1000;9394036591;S
20240116;101238;196.500000000;10;9394036592;S
20240116;101238;196.500000000;90;9394036593;S
20240116;101238;196.500000000;10;9394036594;S
20240116;101238;196.500000000;100;9394036595;S
20240116;101238;196.500000000;50;9394036596;S
20240116;101238;196.500000000;530;9394036597;S
20240116;101238;196.500000000;10;9394036632;S
20240116;101238;196.500000000;30;9394036633;S
20240116;101238;196.500000000;10;9394036648;S
20240116;101238;196.500000000;20;9394036652;S
20240116;101238;196.500000000;20;9394036653;S
20240116;101238;196.500000000;1880;9394036722;S
20240116;101238;196.500000000;10;9394036723;S
20240116;101238;196.500000000;50;9394036724;S
20240116;101238;196.500000000;10;9394036725;S
20240116;101238;196.500000000;500;9394036726;S
20240116;101238;196.480000000;20;9394036727;S
20240116;101238;196.460000000;100;9394036728;S
20240116;101238;196.440000000;20;9394036729;S
20240116;101238;196.420000000;50;9394036730;S
20240116;101238;196.420000000;80;9394036731;S
20240116;101238;196.400000000;30;9394036732;S
20240116;101238;196.400000000;250;9394036733;S
20240116;101238;196.400000000;200;9394036735;S
20240116;101238;196.320000000;20;9394036736;S
20240116;101238;196.320000000;10;9394036737;S
20240116;101238;196.320000000;800;9394036738;S
20240116;101238;196.300000000;140;9394036739;S
20240116;101238;196.300000000;10;9394036740;S
20240116;101238;196.260000000;20;9394036741;S
20240116;101238;196.260000000;30;9394036742;S
20240116;101238;196.260000000;170;9394036743;S
20240116;101238;196.260000000;100;9394036744;S
20240116;101238;196.260000000;400;9394036745;S
20240116;101238;196.340000000;160;9394036759;S
20240116;101238;196.260000000;140;9394036760;S
20240116;101238;196.260000000;60;9394036762;S
20240116;101238;196.260000000;60;9394036763;S
20240116;101238;196.260000000;750;9394036764;S
20240116;101238;196.280000000;120;9394036765;S
20240116;101238;196.260000000;90;9394036766;S
20240116;101238;196.260000000;980;9394036767;S
20240116;101238;196.260000000;520;9394036769;S
20240116;101238;196.220000000;20;9394036770;S
20240116;101238;196.220000000;10;9394036771;S
20240116;101238;196.220000000;10;9394036772;S
20240116;101238;196.220000000;240;9394036773;S
20240116;101238;196.200000000;100;9394036774;S
20240116;101238;196.200000000;20;9394036775;S
20240116;101238;196.200000000;10;9394036776;S
20240116;101238;196.180000000;510;9394036777;S
20240116;101238;196.160000000;500;9394036778;S
20240116;101238;196.140000000;60;9394036779;S
20240116;101238;196.140000000;50;9394036780;S
20240116;101238;196.140000000;20;9394036781;S
20240116;101238;196.180000000;140;9394036793;S
20240116;101238;196.160000000;350;9394036794;S
20240116;101238;196.140000000;510;9394036795;S
20240116;101238;196.380000000;70;9394036799;B
20240116;101238;196.380000000;430;9394036800;B
20240116;101238;196.340000000;40;9394036801;S
20240116;101238;196.340000000;10;9394036803;S
20240116;101238;196.220000000;100;9394036804;B
20240116;101238;196.220000000;390;9394036880;B
20240116;101238;196.220000000;250;9394036881;B
20240116;101238;196.200000000;10;9394036888;S
20240116;101238;196.120000000;20;9394036889;S
20240116;101238;196.120000000;10;9394036890;S
20240116;101238;196.120000000;40;9394036891;S
20240116;101238;196.120000000;20;9394036892;S
20240116;101238;196.120000000;50;9394036893;S
20240116;101239;196.120000000;200;9394036894;S
20240116;101239;196.100000000;10;9394036896;S
20240116;101239;196.100000000;30;9394036897;S
20240116;101239;196.100000000;10;9394036900;S
20240116;101239;196.280000000;10;9394036907;B
20240116;101239;196.120000000;10;9394036908;S
20240116;101239;196.100000000;1260;9394036909;S
20240116;101239;196.100000000;10;9394036910;S
20240116;101239;196.080000000;300;9394036911;S
20240116;101239;196.080000000;1270;9394036912;S
20240116;101239;196.080000000;160;9394036913;S
20240116;101239;196.060000000;80;9394036914;S
20240116;101239;196.060000000;110;9394036915;S
20240116;101239;196.060000000;10;9394036916;S
20240116;101239;196.040000000;10;9394036917;S
20240116;101239;196.040000000;10;9394036918;S
20240116;101239;196.040000000;200;9394036919;S
20240116;101239;196.040000000;510;9394036920;S
20240116;101239;196.040000000;510;9394036921;S
20240116;101239;196.020000000;10;9394036922;S
20240116;101239;196.020000000;10;9394036923;S
20240116;101239;196.020000000;2000;9394036924;S
20240116;101239;196.020000000;10;9394036925;S
20240116;101239;196.020000000;50;9394036926;S
20240116;101239;196.020000000;10;9394036927;S
20240116;101239;196.020000000;20;9394036928;S
20240116;101239;196.020000000;50;9394036929;S
20240116;101239;196.020000000;10;9394036930;S
20240116;101239;196.000000000;270;9394036931;S
20240116;101239;196.000000000;500;9394036932;S
20240116;101239;196.000000000;5000;9394036933;S
20240116;101239;196.000000000;300;9394036934;S
20240116;101239;196.000000000;1000;9394036935;S
20240116;101239;196.000000000;250;9394036936;S
20240116;101239;196.000000000;10;9394036937;S
20240116;101239;196.000000000;830;9394036938;S
20240116;101239;196.000000000;10;9394036939;S
20240116;101239;196.000000000;10;9394036940;S
20240116;101239;196.000000000;2000;9394036941;S
20240116;101239;196.000000000;50;9394036942;S
20240116;101239;196.000000000;10;9394036943;S
20240116;101239;196.000000000;50;9394036944;S
20240116;101239;196.000000000;30;9394036945;S
20240116;101239;196.000000000;2000;9394036946;S
20240116;101239;196.000000000;30;9394036947;S
20240116;101239;196.000000000;30;9394036948;S
20240116;101239;196.000000000;10;9394036949;S
20240116;101239;196.000000000;20;9394036950;S
20240116;101239;196.000000000;600;9394036951;S
20240116;101239;196.000000000;100;9394036952;S
20240116;101239;196.000000000;30;9394036953;S
20240116;101239;196.000000000;10;9394036954;S
20240116;101239;196.000000000;10;9394036955;S
20240116;101239;196.000000000;10;9394036956;S
20240116;101239;196.000000000;10;9394036957;S
20240116;101239;196.000000000;100;9394036958;S
20240116;101239;196.000000000;10;9394036959;S
20240116;101239;196.000000000;10;9394036960;S
20240116;101239;196.000000000;50;9394036961;S
20240116;101239;196.000000000;10;9394036962;S
20240116;101239;196.000000000;200;9394036963;S
20240116;101239;196.000000000;10;9394036964;S
20240116;101239;196.000000000;430;9394036965;S
20240116;101239;195.980000000;530;9394036966;S
20240116;101239;195.960000000;530;9394036967;S
20240116;101239;195.960000000;2040;9394036968;S
20240116;101239;195.940000000;500;9394036969;S
20240116;101239;195.940000000;200;9394036970;S
20240116;101239;195.920000000;10;9394036971;S
20240116;101239;195.920000000;530;9394036972;S
20240116;101239;195.920000000;10;9394036973;S
20240116;101239;195.920000000;500;9394036974;S
20240116;101239;195.900000000;10;9394036975;S
20240116;101239;195.900000000;520;9394036976;S
20240116;101239;195.880000000;510;9394036977;S
20240116;101239;195.860000000;100;9394036978;S
20240116;101239;195.860000000;480;9394036979;S
20240116;101239;195.860000000;10;9394036980;S
20240116;101239;195.840000000;470;9394036981;S
20240116;101239;195.840000000;2040;9394036982;S
20240116;101239;195.820000000;10;9394036983;S
20240116;101239;195.820000000;480;9394036984;S
20240116;101239;195.800000000;60;9394036985;S
20240116;101239;195.800000000;510;9394036986;S
20240116;101239;195.800000000;100;9394036987;S
20240116;101239;195.800000000;4080;9394036988;S
20240116;101239;195.780000000;10;9394036989;S
20240116;101239;195.780000000;510;9394036990;S
20240116;101239;195.760000000;520;9394036991;S
20240116;101239;195.740000000;520;9394036992;S
20240116;101239;195.720000000;490;9394036993;S
20240116;101239;195.720000000;10;9394036994;S
20240116;101239;195.720000000;2040;9394036995;S
20240116;101239;195.720000000;5000;9394036996;S
20240116;101239;195.720000000;5000;9394036997;S
20240116;101239;195.700000000;420;9394036998;S
20240116;101239;195.700000000;300;9394036999;S
20240116;101239;195.700000000;5900;9394037000;S
20240116;101239;195.700000000;5000;9394037001;S
20240116;101239;195.680000000;20;9394037002;S
20240116;101239;195.640000000;10;9394037003;S
20240116;101239;195.600000000;150;9394037004;S
20240116;101239;195.600000000;10;9394037005;S
20240116;101239;195.600000000;3230;9394037006;S
20240116;101239;195.600000000;750;9394037007;S
20240116;101239;195.580000000;260;9394037008;S
20240116;101239;195.580000000;40;9394037009;S
20240116;101239;195.560000000;100;9394037010;S
20240116;101239;195.560000000;10;9394037011;S
20240116;101239;195.560000000;20;9394037012;S
20240116;101239;195.560000000;30;9394037013;S
20240116;101239;195.580000000;20;9394037014;S
20240116;101239;195.580000000;10;9394037015;S
20240116;101239;195.580000000;200;9394037016;S
20240116;101239;195.580000000;10;9394037017;S
20240116;101239;195.580000000;100;9394037018;S
20240116;101239;195.900000000;10;9394037019;B
20240116;101239;195.960000000;370;9394037020;B
20240116;101239;195.840000000;100;9394037021;B
20240116;101239;195.700000000;1360;9394037022;S
20240116;101239;195.700000000;530;9394037023;S
20240116;101239;195.600000000;1270;9394037024;S
20240116;101239;195.600000000;510;9394037025;S
20240116;101239;195.580000000;430;9394037026;S
20240116;101239;195.580000000;300;9394037027;S
20240116;101239;195.560000000;60;9394037028;S
20240116;101239;195.560000000;10;9394037029;S
20240116;101239;195.540000000;10;9394037030;S
20240116;101239;195.540000000;10;9394037031;S
20240116;101239;195.540000000;310;9394037032;S
20240116;101239;195.540000000;100;9394037033;S
20240116;101239;195.960000000;200;9394037035;B
20240116;101239;195.960000000;100;9394037039;B
20240116;101239;195.960000000;350;9394037040;B
20240116;101239;195.960000000;150;9394037048;B
20240116;101239;195.960000000;30;9394037049;S
20240116;101239;195.900000000;300;9394037050;S
20240116;101239;195.900000000;100;9394037051;S
20240116;101239;195.740000000;400;9394037066;S
20240116;101239;195.740000000;510;9394037089;S
20240116;101239;195.720000000;490;9394037090;S
20240116;101239;195.940000000;1820;9394037094;B
20240116;101239;195.940000000;180;9394037095;B
20240116;101239;195.940000000;10;9394037096;B
20240116;101239;195.740000000;170;9394037099;S
20240116;101239;195.740000000;10;9394037109;S
20240116;101239;195.740000000;200;9394037114;S
20240116;101239;195.920000000;10;9394037115;S
20240116;101239;195.740000000;90;9394037116;S
20240116;101239;195.740000000;420;9394037117;S
20240116;101239;195.740000000;510;9394037118;S
20240116;101239;195.720000000;70;9394037119;S
20240116;101239;195.720000000;280;9394037120;S
20240116;101239;195.740000000;510;9394037122;S
20240116;101239;195.720000000;40;9394037123;S
20240116;101239;195.720000000;130;9394037124;S
20240116;101239;195.720000000;160;9394037125;S
20240116;101239;195.720000000;350;9394037182;S
20240116;101239;195.700000000;50;9394037183;S
20240116;101239;195.700000000;70;9394037184;S
20240116;101239;195.800000000;100;9394037185;B
20240116;101239;195.660000000;850;9394037187;S
20240116;101239;195.660000000;500;9394037193;S
20240116;101239;195.800000000;20;9394037203;B
20240116;101239;195.660000000;100;9394037211;S
20240116;101239;195.800000000;10;9394037231;B
20240116;101239;195.800000000;140;9394037233;B
20240116;101239;195.800000000;500;9394037234;B
20240116;101239;195.880000000;910;9394037235;B
20240116;101239;195.860000000;90;9394037236;B
20240116;101239;195.640000000;100;9394037292;S
20240116;101239;195.660000000;60;9394037306;S
20240116;101239;195.600000000;40;9394037307;S
20240116;101239;195.600000000;160;9394037308;S
20240116;101239;195.600000000;100;9394037309;S
20240116;101239;195.600000000;60;9394037310;S
20240116;101239;195.600000000;450;9394037311;S
20240116;101239;195.600000000;50;9394037312;S
20240116;101239;195.600000000;1000;9394037315;S
20240116;101239;195.760000000;10;9394037317;B
20240116;101239;195.720000000;60;9394037323;B
20240116;101239;195.720000000;40;9394037324;S
20240116;101239;195.600000000;160;9394037325;S
20240116;101239;195.720000000;30;9394037326;B
20240116;101239;195.720000000;30;9394037331;B
20240116;101239;195.720000000;50;9394037333;B
20240116;101239;195.600000000;500;9394037334;S
20240116;101239;195.600000000;20;9394037335;S
20240116;101239;195.580000000;40;9394037336;S
20240116;101239;195.720000000;50;9394037344;B
20240116;101239;195.580000000;100;9394037348;S
20240116;101239;195.720000000;340;9394037349;B
20240116;101239;195.720000000;10;9394037350;B
20240116;101239;195.720000000;20;9394037351;B
20240116;101239;195.760000000;130;9394037352;B
20240116;101239;195.580000000;60;9394037354;S
20240116;101239;195.560000000;130;9394037355;S
20240116;101239;195.560000000;200;9394037362;S
20240116;101239;195.560000000;30;9394037382;S
20240116;101239;195.760000000;1820;9394037451;B
20240116;101239;195.780000000;570;9394037452;B
20240116;101239;195.780000000;610;9394037453;B
20240116;101240;195.640000000;40;9394037468;B
20240116;101240;195.640000000;10;9394037471;S
20240116;101240;195.760000000;490;9394037481;B
20240116;101240;195.640000000;150;9394037482;S
20240116;101240;195.600000000;70;9394037483;B
20240116;101240;195.600000000;190;9394037484;B
20240116;101240;195.780000000;4390;9394037499;B
20240116;101240;195.780000000;500;9394037500;B
20240116;101240;195.800000000;200;9394037501;B
20240116;101240;195.800000000;180;9394037502;B
20240116;101240;195.820000000;20;9394037503;B
20240116;101240;195.820000000;500;9394037504;B
20240116;101240;195.840000000;500;9394037505;B
20240116;101240;195.840000000;3710;9394037506;B
20240116;101240;195.860000000;80;9394037507;S
20240116;101240;195.860000000;20;9394037510;S
20240116;101240;195.860000000;230;9394037511;S
20240116;101240;195.860000000;70;9394037512;S
20240116;101240;195.800000000;10;9394037513;S
20240116;101240;195.800000000;150;9394037514;S
20240116;101240;195.640000000;330;9394037515;S
20240116;101240;195.640000000;530;9394037517;S
20240116;101240;195.880000000;10;9394037524;B
20240116;101240;195.740000000;480;9394037525;S
20240116;101240;195.880000000;10;9394037526;B
20240116;101240;195.740000000;510;9394037534;S
20240116;101240;195.720000000;420;9394037535;S
20240116;101240;195.740000000;360;9394037536;S
20240116;101240;195.720000000;60;9394037537;S
20240116;101240;195.740000000;30;9394037566;S
20240116;101240;195.840000000;20;9394037568;B
20240116;101240;195.880000000;480;9394037569;B
20240116;101240;195.740000000;140;9394037572;S
20240116;101240;195.740000000;10;9394037574;S
20240116;101240;195.740000000;330;9394037576;S
20240116;101240;195.740000000;510;9394037577;S
20240116;101240;195.740000000;440;9394037578;S
20240116;101240;195.880000000;10;9394037587;B
20240116;101240;195.740000000;150;9394037588;S
20240116;101240;195.740000000;200;9394037590;S
20240116;101240;195.880000000;500;9394037591;B
20240116;101240;195.900000000;3000;9394037592;B
20240116;101240;195.980000000;40;9394037593;B
20240116;101240;195.980000000;1460;9394037594;B
20240116;101240;195.960000000;10;9394037600;B
20240116;101240;195.740000000;400;9394037601;S
20240116;101240;195.720000000;20;9394037602;S
20240116;101240;195.740000000;10;9394037603;S
20240116;101240;195.740000000;360;9394037606;S
20240116;101240;195.720000000;40;9394037608;S
20240116;101240;195.740000000;250;9394037609;S
20240116;101240;195.960000000;110;9394037612;B
20240116;101240;195.960000000;10;9394037613;B
20240116;101240;195.960000000;50;9394037615;B
20240116;101240;195.740000000;30;9394037623;S
20240116;101240;195.740000000;230;9394037624;S
20240116;101240;195.720000000;530;9394037625;S
20240116;101240;195.740000000;250;9394037627;S
20240116;101240;195.720000000;60;9394037628;S
20240116;101240;195.720000000;40;9394037629;S
20240116;101240;195.720000000;240;9394037630;S
20240116;101240;195.960000000;20;9394037632;B
20240116;101240;195.960000000;10;9394037635;B
20240116;101240;195.960000000;200;9394037636;B
20240116;101240;195.740000000;80;9394037637;S
20240116;101240;195.740000000;130;9394037681;S
20240116;101240;195.960000000;500;9394037683;B
20240116;101240;195.960000000;250;9394037686;B
20240116;101240;195.960000000;10;9394037687;B
20240116;101240;195.820000000;100;9394037688;S
20240116;101240;195.820000000;160;9394037689;S
20240116;101240;195.820000000;270;9394037695;S
20240116;101240;195.820000000;10;9394037696;S
20240116;101240;195.820000000;30;9394037700;S
20240116;101240;195.820000000;20;9394037721;S
20240116;101240;195.960000000;10;9394037723;B
20240116;101240;195.820000000;600;9394037734;S
20240116;101240;195.820000000;20;9394037745;S
20240116;101240;195.900000000;400;9394037772;S
20240116;101240;195.820000000;290;9394037773;S
20240116;101240;195.800000000;310;9394037774;S
20240116;101240;196.000000000;250;9394037777;B
20240116;101240;195.940000000;200;9394037792;S
20240116;101240;195.940000000;310;9394037797;S
20240116;101240;195.920000000;200;9394037798;S
20240116;101240;195.920000000;300;9394037799;S
20240116;101240;196.000000000;10;9394037814;B
20240116;101240;195.940000000;140;9394037853;S
20240116;101240;195.980000000;200;9394037855;S
20240116;101240;195.980000000;400;9394037858;S
20240116;101241;196.000000000;240;9394037914;B
20240116;101241;196.000000000;100;9394037915;B
20240116;101241;196.000000000;10;9394037916;B
20240116;101241;196.000000000;200;9394037917;B
20240116;101241;196.000000000;10;9394037918;B
20240116;101241;196.000000000;330;9394037919;B
20240116;101241;196.000000000;40;9394037920;B
20240116;101241;196.000000000;70;9394037921;B
20240116;101241;196.000000000;10;9394037922;B
20240116;101241;196.000000000;30;9394037923;B
20240116;101241;196.000000000;500;9394037924;B
20240116;101241;196.000000000;100;9394037925;B
20240116;101241;196.000000000;500;9394037926;B
20240116;101241;196.000000000;30;9394037927;B
20240116;101241;196.000000000;80;9394037928;B
20240116;101241;196.020000000;150;9394037929;B
20240116;101241;196.020000000;50;9394037930;B
20240116;101241;196.040000000;200;9394037931;S
20240116;101241;196.040000000;150;9394037936;S
20240116;101241;196.060000000;100;9394037948;S
20240116;101241;196.100000000;30;9394038029;B
20240116;101241;196.100000000;70;9394038030;B
20240116;101241;196.080000000;50;9394038073;S
20240116;101241;196.080000000;100;9394038079;B
20240116;101241;196.060000000;100;9394038102;S
20240116;101241;196.020000000;20;9394038103;S
20240116;101241;196.000000000;10;9394038104;S
20240116;101241;196.000000000;20;9394038105;S
20240116;101241;195.980000000;40;9394038106;S
20240116;101241;196.080000000;20;9394038107;B
20240116;101241;196.080000000;30;9394038134;B
20240116;101242;195.960000000;10;9394038229;S
20240116;101242;195.940000000;100;9394038230;S
20240116;101242;195.940000000;390;9394038231;S
20240116;101242;196.000000000;30;9394038233;B
20240116;101242;196.000000000;20;9394038293;B
20240116;101243;195.960000000;30;9394038383;B
20240116;101243;195.960000000;50;9394038483;B
20240116;101243;195.960000000;30;9394038525;B
20240116;101243;195.960000000;360;9394038536;B
20240116;101244;195.900000000;10;9394038596;S
20240116;101244;195.900000000;10;9394038599;B
20240116;101244;195.900000000;50;9394038722;B
20240116;101245;195.880000000;130;9394038762;S
20240116;101245;195.960000000;120;9394038919;B
20240116;101245;195.960000000;500;9394038920;B
20240116;101245;195.980000000;250;9394038921;B
20240116;101245;196.000000000;130;9394038922;B
20240116;101246;196.000000000;20;9394039126;B
20240116;101247;196.000000000;200;9394039268;B
20240116;101250;195.980000000;10;9394040033;S
20240116;101250;195.980000000;90;9394040034;S
20240116;101250;195.960000000;10;9394040035;S
20240116;101250;195.960000000;430;9394040036;S
20240116;101251;195.980000000;200;9394040065;B
20240116;101251;195.960000000;70;9394040233;S
20240116;101251;195.940000000;130;9394040234;S
20240116;101252;195.980000000;10;9394040313;B
20240116;101252;195.980000000;240;9394040538;B
20240116;101252;195.980000000;500;9394040539;B
20240116;101252;195.980000000;40;9394040540;B
20240116;101252;196.000000000;120;9394040541;B
20240116;101252;196.000000000;100;9394040542;B
20240116;101254;195.940000000;70;9394040955;S
20240116;101254;195.940000000;10;9394040956;S
20240116;101255;195.940000000;10;9394041105;B
20240116;101255;195.940000000;20;9394041106;B
20240116;101259;195.940000000;50;9394042352;B
20240116;101259;195.940000000;1840;9394042417;B
20240116;101259;195.940000000;50;9394042418;B
20240116;101259;195.960000000;2000;9394042419;B
20240116;101259;195.960000000;500;9394042420;B
20240116;101259;195.980000000;1000;9394042421;B
20240116;101259;195.980000000;500;9394042422;B
20240116;101259;195.980000000;100;9394042423;B
20240116;101259;196.000000000;300;9394042424;B
20240116;101259;196.000000000;50;9394042595;S
20240116;101300;196.000000000;150;9394042926;S
20240116;101300;196.040000000;10;9394042985;B
20240116;101300;196.000000000;180;9394043024;S
20240116;101301;196.020000000;790;9394043195;B
20240116;101301;196.020000000;30;9394043220;B
20240116;101301;196.000000000;250;9394043509;S
20240116;101301;196.020000000;130;9394043523;B
20240116;101302;196.020000000;10;9394043646;B
20240116;101302;196.020000000;20;9394043668;B
20240116;101302;196.020000000;10;9394043919;B
20240116;101302;196.020000000;20;9394043956;B
20240116;101302;196.020000000;20;9394043958;B
20240116;101303;196.000000000;50;9394044130;S
20240116;101304;196.000000000;2550;9394044359;S
20240116;101304;196.000000000;480;9394044360;S
20240116;101304;196.000000000;10;9394044361;S
20240116;101305;195.920000000;10;9394044732;S
20240116;101305;195.940000000;20;9394044966;B
20240116;101306;195.940000000;340;9394045114;B
20240116;101306;195.940000000;500;9394045115;B
20240116;101306;195.940000000;160;9394045116;B
20240116;101306;195.940000000;10;9394045447;B
20240116;101307;195.940000000;10;9394045872;B
20240116;101307;195.920000000;20;9394045968;S
20240116;101307;195.920000000;20;9394045969;S
20240116;101307;195.920000000;20;9394045970;S
20240116;101307;195.900000000;10;9394045971;S
20240116;101307;195.900000000;230;9394045972;S
20240116;101307;195.940000000;20;9394046015;B
20240116;101307;195.940000000;500;9394046016;B
20240116;101307;195.960000000;30;9394046017;B
20240116;101308;195.900000000;270;9394046167;S
20240116;101308;195.900000000;50;9394046168;S
20240116;101308;195.880000000;10;9394046169;S
20240116;101308;195.880000000;10;9394046170;S
20240116;101308;195.880000000;10;9394046171;S
20240116;101308;195.880000000;10;9394046172;S
20240116;101308;195.880000000;20;9394046173;S
20240116;101308;195.880000000;20;9394046174;S
20240116;101308;195.880000000;200;9394046175;S
20240116;101308;195.880000000;630;9394046176;S
20240116;101309;195.880000000;1000;9394046701;S
20240116;101311;195.920000000;170;9394047090;S
20240116;101312;195.940000000;10;9394047301;B
20240116;101314;195.940000000;10;9394047926;B
20240116;101314;195.960000000;100;9394047978;B
20240116;101314;195.960000000;300;9394047979;B
20240116;101317;195.980000000;100;9394048574;B
20240116;101317;195.980000000;50;9394048576;B
20240116;101318;195.940000000;10;9394048804;S
20240116;101318;195.940000000;70;9394048805;S
20240116;101318;195.920000000;580;9394048806;S
20240116;101318;195.920000000;50;9394048807;S
20240116;101318;195.900000000;30;9394048808;S
20240116;101318;195.900000000;3000;9394048809;S
20240116;101318;195.900000000;10;9394048810;S
20240116;101318;195.880000000;70;9394048811;S
20240116;101318;195.840000000;500;9394048812;S
20240116;101318;195.840000000;500;9394048813;S
20240116;101318;195.820000000;30;9394048814;S
20240116;101318;195.820000000;50;9394048815;S
20240116;101318;195.800000000;50;9394048816;S
20240116;101318;195.780000000;50;9394048817;S
20240116;101318;195.760000000;1020;9394048818;S
20240116;101318;195.740000000;10;9394048819;S
20240116;101318;195.740000000;10;9394048820;S
20240116;101318;195.740000000;10;9394048821;S
20240116;101318;195.740000000;30;9394048822;S
20240116;101318;195.720000000;50;9394048823;S
20240116;101318;195.700000000;50;9394048824;S
20240116;101318;195.680000000;280;9394048825;S
20240116;101318;195.660000000;510;9394048826;S
20240116;101318;195.660000000;300;9394048827;S
20240116;101318;195.660000000;730;9394048828;S
20240116;101322;195.800000000;10;9394050053;B
20240116;101323;195.800000000;50;9394050272;B
20240116;101323;195.820000000;280;9394050273;B
20240116;101323;195.840000000;500;9394050274;B
20240116;101323;195.840000000;170;9394050275;B
20240116;101324;195.740000000;90;9394050404;S
20240116;101324;195.720000000;10;9394050405;S
20240116;101324;195.680000000;10;9394050406;S
20240116;101324;195.660000000;20;9394050407;S
20240116;101324;195.640000000;20;9394050408;S
20240116;101325;195.860000000;100;9394050794;B
20240116;101327;195.680000000;150;9394051370;B
20240116;101329;195.680000000;4260;9394051656;B
20240116;101329;195.720000000;50;9394051657;B
20240116;101329;195.760000000;130;9394051658;B
20240116;101329;195.760000000;500;9394051659;B
20240116;101329;195.780000000;500;9394051660;B
20240116;101329;195.780000000;20;9394051661;B
20240116;101329;195.800000000;140;9394051662;B
20240116;101329;195.820000000;20;9394051663;B
20240116;101329;195.820000000;1270;9394051664;B
20240116;101329;195.920000000;10;9394051843;B
20240116;101329;195.920000000;10;9394051844;B
20240116;101329;195.940000000;80;9394051845;B
20240116;101330;195.820000000;50;9394052153;S
20240116;101335;195.860000000;60;9394053510;S
20240116;101336;195.860000000;40;9394053706;S
20240116;101337;195.820000000;160;9394053886;S
20240116;101338;195.880000000;20;9394054153;B
20240116;101338;195.900000000;500;9394054154;B
20240116;101338;195.960000000;10;9394054155;B
20240116;101338;195.960000000;70;9394054156;B
20240116;101338;195.980000000;400;9394054157;B
20240116;101339;195.840000000;10;9394054303;S
20240116;101339;195.840000000;30;9394054304;S
20240116;101340;195.840000000;480;9394054475;S
20240116;101340;195.820000000;20;9394054476;S
20240116;101343;195.820000000;920;9394056126;S
20240116;101343;195.820000000;500;9394056127;S
20240116;101343;195.800000000;50;9394056128;S
20240116;101345;195.800000000;200;9394056385;B
20240116;101346;195.800000000;130;9394056835;B
20240116;101346;195.840000000;30;9394056836;B
20240116;101346;195.840000000;50;9394056837;B
20240116;101346;195.860000000;90;9394056838;B
20240116;101349;195.860000000;10;9394057476;B
20240116;101356;195.880000000;100;9394059204;B
20240116;101400;195.960000000;130;9394060016;B
20240116;101400;195.960000000;10;9394060017;B
20240116;101400;195.980000000;300;9394060018;B
20240116;101400;195.980000000;10;9394060019;B
20240116;101400;195.980000000;50;9394060020;B
20240116;101406;195.980000000;60;9394061348;B
20240116;101409;196.000000000;10;9394061955;B
20240116;101411;196.000000000;140;9394062386;B
20240116;101411;196.000000000;50;9394062387;B
20240116;101411;196.000000000;110;9394062388;B
20240116;101411;196.020000000;150;9394062389;B
20240116;101411;196.020000000;50;9394062390;B
20240116;101413;196.020000000;450;9394062659;B
20240116;101413;196.020000000;250;9394062660;B
20240116;101414;196.040000000;10;9394062993;B
20240116;101414;196.040000000;10;9394062994;B
20240116;101417;195.980000000;200;9394063444;S
20240116;101417;195.980000000;50;9394063445;S
20240116;101417;195.960000000;10;9394063446;S
20240116;101417;195.920000000;360;9394063447;S
20240116;101417;195.900000000;10;9394063448;S
20240116;101417;195.900000000;500;9394063449;S
20240116;101417;195.880000000;10;9394063450;S
20240116;101417;195.880000000;680;9394063451;S
20240116;101417;195.880000000;60;9394063452;S
20240116;101417;195.860000000;120;9394063453;S
20240116;101417;195.860000000;50;9394063454;S
20240116;101417;195.860000000;200;9394063455;S
20240116;101417;195.860000000;10;9394063456;S
20240116;101417;195.860000000;10;9394063457;S
20240116;101417;195.860000000;30;9394063458;S
20240116;101417;195.860000000;100;9394063459;S
20240116;101417;195.840000000;160;9394063460;S
20240116;101420;196.000000000;250;9394064139;B
20240116;101420;196.000000000;50;9394064140;B
20240116;101423;196.040000000;300;9394064762;B
20240116;101423;196.080000000;1020;9394064763;B
20240116;101423;196.100000000;500;9394064764;B
20240116;101423;196.120000000;680;9394064765;B
20240116;101424;196.120000000;50;9394064979;B
20240116;101424;196.000000000;30;9394065071;S
20240116;101425;196.100000000;100;9394065280;B
20240116;101426;196.000000000;50;9394065431;S
20240116;101426;196.000000000;20;9394065432;S
20240116;101426;196.000000000;50;9394065433;S
20240116;101426;196.000000000;200;9394065434;B
20240116;101427;196.100000000;30;9394065614;B
20240116;101427;196.120000000;120;9394065615;B
20240116;101427;195.980000000;200;9394065624;S
20240116;101428;196.100000000;10;9394065728;B
20240116;101429;196.100000000;30;9394066093;B
20240116;101430;196.100000000;20;9394066129;B
20240116;101430;196.000000000;500;9394066152;S
20240116;101430;196.000000000;10;9394066153;S
20240116;101430;195.980000000;10;9394066154;S
20240116;101430;195.920000000;60;9394066155;S
20240116;101430;195.920000000;450;9394066156;S
20240116;101430;195.900000000;500;9394066157;S
20240116;101430;195.900000000;20;9394066158;S
20240116;101430;195.900000000;20;9394066159;S
20240116;101430;195.900000000;20;9394066160;S
20240116;101430;195.860000000;1270;9394066161;S
20240116;101430;195.840000000;40;9394066162;S
20240116;101430;195.840000000;500;9394066163;S
20240116;101430;195.820000000;1800;9394066164;S
20240116;101430;195.800000000;280;9394066165;S
20240116;101430;195.800000000;100;9394066166;S
20240116;101430;195.800000000;250;9394066167;S
20240116;101430;195.800000000;10;9394066168;S
20240116;101430;195.800000000;10;9394066169;S
20240116;101430;195.800000000;10;9394066170;S
20240116;101430;195.740000000;1000;9394066171;S
20240116;101430;195.740000000;250;9394066172;S
20240116;101430;195.720000000;2890;9394066173;S
20240116;101431;196.000000000;1000;9394066305;B
20240116;101431;196.000000000;40;9394066361;B
20240116;101432;195.820000000;10;9394066441;S
20240116;101434;196.040000000;260;9394066857;B
20240116;101434;196.040000000;40;9394066858;B
20240116;101434;196.080000000;10;9394066859;B
20240116;101434;196.080000000;50;9394066860;B
20240116;101434;196.080000000;610;9394066861;B
20240116;101434;196.080000000;180;9394066868;B
20240116;101435;195.940000000;50;9394066989;S
20240116;101435;196.040000000;50;9394067003;B
20240116;101438;196.100000000;20;9394067493;B
20240116;101439;196.100000000;110;9394067667;B
20240116;101441;196.120000000;160;9394068054;B
20240116;101441;196.120000000;80;9394068055;B
20240116;101441;196.120000000;10;9394068056;B
20240116;101441;196.140000000;50;9394068057;B
20240116;101441;196.160000000;200;9394068058;B
20240116;101443;196.100000000;90;9394068282;S
20240116;101443;196.020000000;10;9394068283;S
20240116;101443;196.000000000;40;9394068284;S
20240116;101443;196.000000000;1250;9394068285;S
20240116;101443;195.900000000;200;9394068286;S
20240116;101443;195.900000000;450;9394068287;S
20240116;101443;195.880000000;1820;9394068288;S
20240116;101443;195.860000000;1130;9394068289;S
20240116;101444;195.840000000;90;9394068557;S
20240116;101444;195.840000000;10;9394068606;S
20240116;101444;195.840000000;1880;9394068607;S
20240116;101446;195.840000000;20;9394068815;S
20240116;101446;195.980000000;10;9394068847;B
20240116;101453;195.980000000;10;9394070416;B
20240116;101453;196.000000000;350;9394070417;B
20240116;101455;196.000000000;10;9394070556;S
20240116;101457;196.080000000;20;9394070784;S
20240116;101457;196.080000000;20;9394070785;S
20240116;101457;196.080000000;50;9394070786;S
20240116;101457;196.020000000;40;9394070787;S
20240116;101457;196.000000000;380;9394070788;S
20240116;101457;196.000000000;20;9394070789;S
20240116;101458;196.000000000;10;9394071006;B
20240116;101458;195.980000000;20;9394071031;S
20240116;101458;195.980000000;100;9394071032;S
20240116;101458;195.880000000;30;9394071033;S
20240116;101500;196.000000000;50;9394071348;B
20240116;101501;196.000000000;10;9394071450;B
20240116;101501;196.000000000;10;9394071457;B
20240116;101501;196.000000000;20;9394071505;B
20240116;101502;195.920000000;60;9394071654;S
20240116;101502;195.900000000;210;9394071655;S
20240116;101502;195.900000000;100;9394071656;S
20240116;101502;195.880000000;150;9394071657;S
20240116;101503;195.900000000;390;9394071855;S
20240116;101504;195.980000000;300;9394072726;S
20240116;101504;196.000000000;20;9394072820;B
20240116;101504;196.000000000;80;9394072885;B
20240116;101505;196.000000000;330;9394073068;S
20240116;101506;196.100000000;10;9394073495;B
20240116;101506;196.100000000;10;9394073531;B
20240116;101508;196.100000000;50;9394074337;B
20240116;101512;196.100000000;30;9394074911;B
20240116;101513;196.120000000;10;9394075120;B
20240116;101513;196.100000000;50;9394075160;S
20240116;101513;196.120000000;490;9394075223;B
20240116;101513;196.120000000;10;9394075224;B
20240116;101517;196.100000000;10;9394076009;S
20240116;101517;196.020000000;40;9394076010;S
20240116;101517;196.020000000;30;9394076011;S
20240116;101517;196.000000000;620;9394076012;S
20240116;101519;196.120000000;410;9394076364;B
20240116;101519;196.160000000;20;9394076366;B
20240116;101519;196.160000000;500;9394076367;B
20240116;101520;196.200000000;100;9394076508;B
20240116;101522;196.200000000;100;9394076932;B
20240116;101523;196.200000000;10;9394076975;B
20240116;101524;196.200000000;50;9394077162;B
20240116;101524;196.200000000;1000;9394077163;B
20240116;101524;196.200000000;300;9394077164;B
20240116;101524;196.200000000;400;9394077165;B
20240116;101524;196.200000000;10;9394077166;B
20240116;101524;196.240000000;10;9394077167;B
20240116;101524;196.240000000;10;9394077168;B
20240116;101524;196.240000000;500;9394077169;B
20240116;101525;196.260000000;30;9394077275;B
20240116;101525;196.220000000;40;9394077297;S
20240116;101525;196.200000000;60;9394077298;S
20240116;101525;196.260000000;10;9394077365;B
20240116;101525;196.280000000;30;9394077366;B
20240116;101525;196.280000000;260;9394077367;B
20240116;101527;196.240000000;200;9394077656;S
20240116;101527;196.260000000;40;9394077657;S
20240116;101527;196.260000000;60;9394077786;B
20240116;101527;196.260000000;40;9394077787;B
20240116;101527;196.280000000;140;9394077788;B
20240116;101527;196.280000000;20;9394077789;B
20240116;101527;196.280000000;10;9394077790;B
20240116;101527;196.280000000;700;9394077791;B
20240116;101527;196.280000000;30;9394077792;B
20240116;101529;196.240000000;290;9394078016;S
20240116;101530;196.280000000;10;9394078254;B
20240116;101531;196.240000000;10;9394078404;S
20240116;101531;196.220000000;280;9394078405;S
20240116;101531;196.200000000;10;9394078406;S
20240116;101536;196.260000000;10;9394079316;S
20240116;101536;196.260000000;10;9394079320;S
20240116;101538;196.260000000;20;9394079759;S
20240116;101541;196.280000000;20;9394080368;B
20240116;101543;196.280000000;10;9394080565;B
20240116;101543;196.280000000;260;9394080668;B
20240116;101544;196.280000000;70;9394080759;B
20240116;101544;196.280000000;60;9394080760;B
20240116;101544;196.280000000;100;9394080761;B
20240116;101544;196.300000000;10;9394080762;B
20240116;101544;196.320000000;230;9394080763;B
20240116;101544;196.320000000;40;9394080764;B
20240116;101544;196.320000000;10;9394080765;B
20240116;101544;196.340000000;20;9394080766;B
20240116;101544;196.340000000;660;9394080767;B
20240116;101546;196.320000000;50;9394081027;B
20240116;101546;196.260000000;20;9394081046;S
20240116;101546;196.320000000;40;9394081212;B
20240116;101546;196.340000000;10;9394081213;B
20240116;101547;196.340000000;20;9394081309;B
20240116;101549;196.340000000;20;9394082034;B
20240116;101551;196.340000000;50;9394082808;B
20240116;101552;196.340000000;20;9394082857;B
20240116;101552;196.340000000;30;9394082859;B
20240116;101552;196.340000000;80;9394082899;B
20240116;101552;196.340000000;100;9394082900;B
20240116;101552;196.360000000;840;9394082901;B
20240116;101552;196.360000000;1500;9394082902;B
20240116;101552;196.380000000;50;9394082903;B
20240116;101552;196.380000000;200;9394082904;B
20240116;101552;196.380000000;30;9394082905;B
20240116;101552;196.400000000;500;9394082906;B
20240116;101552;196.400000000;30;9394082907;B
20240116;101552;196.400000000;450;9394082908;B
20240116;101552;196.400000000;1270;9394082909;B
20240116;101552;196.440000000;20;9394082910;B
20240116;101552;196.460000000;80;9394082911;B
20240116;101552;196.460000000;500;9394082912;B
20240116;101552;196.460000000;1160;9394082913;B
20240116;101552;196.480000000;20;9394082914;B
20240116;101552;196.480000000;500;9394082915;B
20240116;101552;196.480000000;2670;9394082916;B
20240116;101552;196.340000000;20;9394082917;S
20240116;101552;196.340000000;180;9394082918;B
20240116;101552;196.360000000;100;9394082919;S
20240116;101553;196.420000000;30;9394083023;S
20240116;101554;196.360000000;170;9394083123;S
20240116;101558;196.400000000;100;9394083895;S
20240116;101600;196.400000000;70;9394084181;S
20240116;101601;196.500000000;60;9394084283;B
20240116;101601;196.500000000;10;9394084284;B
20240116;101601;196.500000000;20;9394084285;B
20240116;101601;196.500000000;10;9394084286;B
20240116;101602;196.440000000;30;9394084450;S
20240116;101605;196.460000000;20;9394084973;S
20240116;101605;196.460000000;30;9394085034;S
20240116;101605;196.460000000;50;9394085035;S
20240116;101605;196.460000000;30;9394085036;S
20240116;101605;196.460000000;50;9394085037;S
20240116;101605;196.460000000;40;9394085038;S
20240116;101607;196.460000000;10;9394085373;S
20240116;101611;196.400000000;70;9394086177;B
20240116;101611;196.420000000;40;9394086178;B
20240116;101611;196.440000000;290;9394086179;B
20240116;101611;196.440000000;510;9394086180;B
20240116;101615;196.440000000;90;9394086936;S
20240116;101615;196.400000000;60;9394086937;S
20240116;101616;196.440000000;40;9394087148;B
20240116;101616;196.460000000;160;9394087149;B
20240116;101624;196.400000000;60;9394088371;S
20240116;101625;196.420000000;40;9394088566;B
20240116;101625;196.440000000;20;9394088567;B
20240116;101625;196.440000000;90;9394088568;B
20240116;101628;196.440000000;50;9394088960;B
20240116;101628;196.400000000;880;9394089033;S
20240116;101628;196.400000000;100;9394089034;S
20240116;101628;196.400000000;10;9394089035;S
20240116;101628;196.380000000;10;9394089036;S
20240116;101631;196.380000000;10;9394089444;B
20240116;101631;196.400000000;10;9394089445;B
20240116;101635;196.400000000;10;9394090204;B
20240116;101637;196.360000000;200;9394090597;S
20240116;101638;196.360000000;10;9394090794;S
20240116;101639;196.380000000;40;9394090997;B
20240116;101639;196.400000000;10;9394090998;B
20240116;101641;196.360000000;790;9394091338;S
20240116;101641;196.340000000;10;9394091343;S
20240116;101649;196.300000000;30;9394093567;S
20240116;101649;196.300000000;170;9394093653;S
20240116;101649;196.300000000;230;9394093656;B
20240116;101649;196.300000000;70;9394093657;B
20240116;101650;196.280000000;130;9394093682;S
20240116;101650;196.280000000;170;9394093769;S
20240116;101650;196.280000000;250;9394093770;S
20240116;101650;196.280000000;200;9394093771;S
20240116;101650;196.260000000;380;9394093772;S
20240116;101652;196.320000000;40;9394094046;B
20240116;101652;196.340000000;160;9394094047;B
20240116;101652;196.340000000;10;9394094082;B
20240116;101653;196.240000000;70;9394094223;S
20240116;101653;196.220000000;20;9394094224;S
20240116;101653;196.220000000;460;9394094225;S
20240116;101653;196.220000000;1360;9394094256;S
20240116;101653;196.200000000;270;9394094257;S
20240116;101653;196.200000000;110;9394094258;S
20240116;101653;196.200000000;240;9394094259;S
20240116;101653;196.200000000;10;9394094260;S
20240116;101653;196.200000000;2210;9394094261;S
20240116;101653;196.200000000;40;9394094262;S
20240116;101653;196.160000000;100;9394094263;S
20240116;101653;196.160000000;20;9394094264;S
20240116;101653;196.120000000;500;9394094265;S
20240116;101653;196.100000000;30;9394094266;S
20240116;101653;196.100000000;710;9394094267;S
20240116;101654;196.120000000;200;9394094313;S
20240116;101655;196.260000000;20;9394094499;B
20240116;101655;196.320000000;180;9394094500;B
20240116;101655;196.300000000;10;9394094501;B
20240116;101656;196.100000000;50;9394094722;S
20240116;101657;196.100000000;160;9394094776;S
20240116;101657;196.100000000;40;9394094777;S
20240116;101703;196.140000000;10;9394095880;B
20240116;101704;196.080000000;200;9394096092;S
20240116;101706;196.100000000;40;9394096362;S
20240116;101707;196.080000000;200;9394096481;S
20240116;101707;196.080000000;1000;9394096554;S
20240116;101707;196.100000000;20;9394096610;B
20240116;101710;196.080000000;100;9394097052;S
20240116;101714;196.100000000;10;9394097624;B
20240116;101714;196.100000000;330;9394097717;B
20240116;101718;196.120000000;40;9394098185;S
20240116;101718;196.120000000;160;9394098186;B
20240116;101719;196.100000000;1000;9394098336;S
20240116;101720;196.180000000;20;9394098451;B
20240116;101721;196.120000000;20;9394098541;S
20240116;101721;196.180000000;10;9394098555;B
20240116;101722;196.100000000;30;9394098789;S
20240116;101725;196.160000000;10;9394099285;B
20240116;101725;196.160000000;340;9394099313;B
20240116;101725;196.180000000;480;9394099314;B
20240116;101725;196.180000000;80;9394099315;B
20240116;101726;196.180000000;10;9394099350;B
20240116;101728;196.180000000;420;9394099708;B
20240116;101728;196.180000000;510;9394099709;B
20240116;101728;196.200000000;60;9394099710;B
20240116;101732;196.180000000;10;9394100261;B
20240116;101733;196.180000000;10;9394100609;B
20240116;101735;196.140000000;40;9394100879;S
20240116;101735;196.140000000;80;9394100880;S
20240116;101735;196.120000000;210;9394100881;S
20240116;101735;196.100000000;670;9394100882;S
20240116;101735;196.100000000;2270;9394100924;S
20240116;101735;196.100000000;50;9394100925;S
20240116;101735;196.100000000;10;9394100926;S
20240116;101735;196.080000000;1000;9394100927;S
20240116;101735;196.080000000;50;9394100928;S
20240116;101735;196.080000000;40;9394100929;S
20240116;101735;196.040000000;10;9394100930;S
20240116;101735;196.040000000;500;9394100931;S
20240116;101735;196.020000000;1760;9394100932;S
20240116;101735;196.000000000;1200;9394100933;S
20240116;101735;196.000000000;100;9394100934;S
20240116;101735;196.000000000;110;9394100935;S
20240116;101735;196.000000000;10;9394100936;S
20240116;101735;196.000000000;2890;9394100937;S
20240116;101737;196.160000000;330;9394101266;B
20240116;101737;196.180000000;490;9394101267;B
20240116;101737;196.180000000;180;9394101268;B
20240116;101738;196.000000000;350;9394101501;S
20240116;101741;196.000000000;10;9394101863;S
20240116;101745;196.100000000;10;9394102548;S
20240116;101745;196.020000000;40;9394102549;S
20240116;101745;196.020000000;40;9394102550;S
20240116;101745;196.000000000;830;9394102551;S
20240116;101745;196.000000000;920;9394102552;S
20240116;101745;196.000000000;150;9394102553;S
20240116;101745;196.000000000;10;9394102554;S
20240116;101745;196.000000000;300;9394102555;S
20240116;101745;196.000000000;10;9394102556;S
20240116;101745;196.000000000;10;9394102557;S
20240116;101745;196.000000000;10;9394102558;S
20240116;101745;196.000000000;430;9394102559;B
20240116;101746;195.980000000;50;9394102815;S
20240116;101746;195.960000000;20;9394102816;S
20240116;101746;196.120000000;10;9394102890;B
20240116;101747;196.100000000;10;9394102937;B
20240116;101748;196.000000000;50;9394103259;S
20240116;101748;196.000000000;10;9394103284;B
20240116;101750;195.960000000;80;9394103507;S
20240116;101750;195.960000000;10;9394103508;S
20240116;101750;195.940000000;20;9394103509;S
20240116;101750;195.940000000;40;9394103510;S
20240116;101750;195.920000000;10;9394103511;S
20240116;101750;195.920000000;340;9394103512;S
20240116;101752;195.980000000;510;9394103903;B
20240116;101752;195.980000000;40;9394103904;B
20240116;101752;195.980000000;510;9394103905;B
20240116;101752;196.000000000;440;9394103906;B
20240116;101752;196.000000000;20;9394103907;B
20240116;101752;195.980000000;510;9394103948;B
20240116;101753;195.980000000;10;9394104155;B
20240116;101755;195.920000000;10;9394104358;S
20240116;101759;195.920000000;150;9394105098;S
20240116;101759;195.920000000;10;9394105099;S
20240116;101759;195.920000000;40;9394105100;S
20240116;101759;195.900000000;50;9394105101;S
20240116;101759;195.900000000;20;9394105102;S
20240116;101759;195.900000000;130;9394105103;S
20240116;101759;195.900000000;1400;9394105104;S
20240116;101759;195.900000000;100;9394105105;S
20240116;101759;195.860000000;10;9394105106;S
20240116;101759;195.860000000;150;9394105107;S
20240116;101759;195.840000000;10;9394105108;S
20240116;101759;195.840000000;30;9394105109;S
20240116;101759;195.840000000;510;9394105110;S
20240116;101759;195.820000000;10;9394105111;S
20240116;101759;195.820000000;1200;9394105112;S
20240116;101759;195.800000000;880;9394105113;S
20240116;101759;195.960000000;10;9394105163;B
20240116;101800;195.960000000;40;9394105251;B
20240116;101801;195.820000000;40;9394105308;S
20240116;101801;195.800000000;1120;9394105309;S
20240116;101801;195.800000000;50;9394105310;S
20240116;101801;195.800000000;300;9394105311;S
20240116;101801;195.800000000;20;9394105312;S
20240116;101801;195.800000000;10;9394105313;S
20240116;101801;195.780000000;2700;9394105314;S
20240116;101801;195.780000000;40;9394105315;S
20240116;101801;195.740000000;10;9394105316;S
20240116;101801;195.740000000;10;9394105317;S
20240116;101801;195.720000000;510;9394105318;S
20240116;101801;195.720000000;510;9394105319;S
20240116;101801;195.720000000;200;9394105320;S
20240116;101801;195.700000000;100;9394105321;S
20240116;101801;195.700000000;500;9394105322;S
20240116;101801;195.700000000;250;9394105323;S
20240116;101801;195.700000000;3000;9394105324;S
20240116;101801;195.700000000;50;9394105325;S
20240116;101801;195.700000000;50;9394105326;S
20240116;101801;195.700000000;50;9394105327;S
20240116;101801;195.700000000;50;9394105328;S
20240116;101801;195.680000000;40;9394105329;S
20240116;101801;195.680000000;500;9394105330;S
20240116;101801;195.680000000;50;9394105331;S
20240116;101801;195.680000000;10;9394105332;S
20240116;101801;195.680000000;100;9394105333;S
20240116;101801;195.680000000;10;9394105334;S
20240116;101801;195.660000000;10;9394105335;S
20240116;101801;195.660000000;10;9394105336;S
20240116;101801;195.660000000;50;9394105337;S
20240116;101801;195.660000000;10;9394105338;S
20240116;101801;195.640000000;200;9394105339;S
20240116;101801;195.640000000;1270;9394105340;S
20240116;101801;195.620000000;10;9394105341;S
20240116;101801;195.620000000;50;9394105342;S
20240116;101801;195.600000000;250;9394105343;S
20240116;101801;195.600000000;50;9394105344;S
20240116;101801;195.600000000;50;9394105345;S
20240116;101801;195.600000000;10;9394105346;S
20240116;101801;195.600000000;10;9394105347;S
20240116;101801;195.600000000;100;9394105348;S
20240116;101801;195.600000000;450;9394105349;S
20240116;101801;195.580000000;500;9394105350;S
20240116;101801;195.560000000;520;9394105351;S
20240116;101801;195.560000000;10;9394105352;S
20240116;101801;195.560000000;10;9394105353;S
20240116;101801;195.560000000;5000;9394105354;S
20240116;101801;195.540000000;30;9394105355;S
20240116;101801;195.540000000;3000;9394105356;S
20240116;101801;195.540000000;40;9394105357;S
20240116;101801;195.540000000;200;9394105358;S
20240116;101801;195.540000000;1000;9394105359;S
20240116;101801;195.540000000;60;9394105360;S
20240116;101801;195.520000000;100;9394105361;S
20240116;101801;195.520000000;100;9394105362;S
20240116;101801;195.520000000;20;9394105363;S
20240116;101801;195.520000000;10;9394105364;S
20240116;101801;195.500000000;50;9394105365;S
20240116;101801;195.500000000;340;9394105366;S
20240116;101801;195.500000000;1000;9394105367;S
20240116;101801;195.500000000;10;9394105368;S
20240116;101801;195.500000000;50;9394105369;S
20240116;101801;195.500000000;10;9394105370;S
20240116;101801;195.500000000;10;9394105371;S
20240116;101801;195.500000000;1500;9394105372;S
20240116;101801;195.500000000;40;9394105373;S
20240116;101801;195.500000000;20;9394105374;S
20240116;101801;195.500000000;20;9394105375;S
20240116;101801;195.500000000;200;9394105376;S
20240116;101801;195.500000000;200;9394105377;S
20240116;101801;195.500000000;10;9394105378;S
20240116;101801;195.500000000;10;9394105379;S
20240116;101801;195.480000000;80;9394105380;S
20240116;101801;195.480000000;50;9394105381;S
20240116;101801;195.460000000;10;9394105382;S
20240116;101801;195.460000000;10;9394105383;S
20240116;101801;195.440000000;100;9394105384;S
20240116;101801;195.420000000;10;9394105385;S
20240116;101801;195.420000000;350;9394105386;S
20240116;101801;195.400000000;10;9394105387;S
20240116;101801;195.400000000;20;9394105388;S
20240116;101801;195.400000000;300;9394105389;S
20240116;101801;195.400000000;10;9394105390;S
20240116;101801;195.400000000;5000;9394105391;S
20240116;101801;195.380000000;50;9394105392;S
20240116;101801;195.360000000;5000;9394105393;S
20240116;101801;195.360000000;5000;9394105394;S
20240116;101801;195.340000000;20;9394105395;S
20240116;101801;195.340000000;10;9394105396;S
20240116;101801;195.320000000;30;9394105397;S
20240116;101801;195.300000000;20;9394105398;S
20240116;101801;195.300000000;2500;9394105399;S
20240116;101801;195.300000000;10;9394105400;S
20240116;101801;195.300000000;1000;9394105401;S
20240116;101801;195.300000000;4030;9394105402;S
20240116;101801;195.360000000;80;9394105406;B
20240116;101801;195.360000000;200;9394105408;S
20240116;101801;195.360000000;300;9394105409;S
20240116;101801;195.460000000;460;9394105411;B
20240116;101801;195.460000000;40;9394105412;B
20240116;101801;195.700000000;200;9394105413;S
20240116;101801;195.700000000;400;9394105414;B
20240116;101801;195.680000000;40;9394105415;B
20240116;101801;195.700000000;360;9394105416;B
20240116;101801;195.720000000;400;9394105417;B
20240116;101801;195.820000000;400;9394105418;B
20240116;101801;195.460000000;400;9394105441;S
20240116;101801;195.460000000;40;9394105448;S
20240116;101801;195.700000000;10;9394105456;B
20240116;101801;195.420000000;510;9394105473;S
20240116;101801;195.400000000;1240;9394105474;S
20240116;101801;195.380000000;10;9394105475;S
20240116;101801;195.340000000;110;9394105476;S
20240116;101801;195.520000000;40;9394105477;B
20240116;101801;195.520000000;460;9394105478;B
20240116;101801;195.500000000;10;9394105486;S
20240116;101801;195.460000000;40;9394105487;S
20240116;101801;195.360000000;200;9394105489;S
20240116;101801;195.420000000;10;9394105499;S
20240116;101801;195.400000000;100;9394105500;S
20240116;101801;195.400000000;300;9394105501;S
20240116;101801;195.420000000;490;9394105502;S
20240116;101801;195.600000000;10;9394105503;S
20240116;101801;195.420000000;10;9394105504;S
20240116;101801;195.500000000;200;9394105513;S
20240116;101801;195.500000000;10;9394105514;S
20240116;101801;195.400000000;50;9394105515;B
20240116;101801;195.400000000;300;9394105516;B
20240116;101802;195.480000000;20;9394105570;B
20240116;101802;195.400000000;30;9394105586;S
20240116;101802;195.360000000;10;9394105587;S
20240116;101802;195.380000000;100;9394105593;S
20240116;101802;195.380000000;180;9394105605;S
20240116;101802;195.360000000;220;9394105606;S
20240116;101802;195.460000000;50;9394105607;B
20240116;101802;195.500000000;10;9394105609;B
20240116;101802;195.500000000;30;9394105617;B
20240116;101802;195.500000000;30;9394105624;S
20240116;101802;195.560000000;140;9394105633;B
20240116;101802;195.520000000;500;9394105643;B
20240116;101802;195.560000000;10;9394105644;B
20240116;101802;195.500000000;40;9394105665;S
20240116;101802;195.500000000;160;9394105666;B
20240116;101803;195.600000000;210;9394105787;B
20240116;101803;195.600000000;290;9394105788;B
20240116;101804;195.680000000;50;9394105911;B
20240116;101805;195.740000000;10;9394106268;B
20240116;101805;195.740000000;10;9394106298;B
20240116;101805;195.700000000;10;9394106376;S
20240116;101805;195.700000000;40;9394106377;S
20240116;101805;195.700000000;50;9394106378;S
20240116;101805;195.700000000;20;9394106379;S
20240116;101805;195.680000000;50;9394106380;S
20240116;101805;195.680000000;50;9394106381;S
20240116;101805;195.680000000;50;9394106382;S
20240116;101805;195.660000000;1000;9394106383;S
20240116;101805;195.640000000;10;9394106384;S
20240116;101805;195.620000000;20;9394106385;S
20240116;101805;195.620000000;10;9394106386;S
20240116;101805;195.600000000;150;9394106387;S
20240116;101805;195.580000000;50;9394106388;S
20240116;101805;195.580000000;50;9394106389;S
20240116;101805;195.580000000;10;9394106390;S
20240116;101805;195.580000000;200;9394106391;S
20240116;101805;195.540000000;50;9394106392;S
20240116;101805;195.540000000;50;9394106393;S
20240116;101805;195.540000000;200;9394106394;S
20240116;101805;195.520000000;430;9394106395;S
20240116;101806;195.560000000;20;9394106509;S
20240116;101807;195.620000000;10;9394106740;B
20240116;101808;195.600000000;4830;9394106875;B
20240116;101811;195.560000000;10;9394107568;S
20240116;101811;195.660000000;20;9394107571;B
20240116;101811;195.660000000;30;9394107652;B
20240116;101811;195.680000000;70;9394107653;B
20240116;101812;195.700000000;20;9394107856;B
20240116;101816;195.740000000;500;9394108590;B
20240116;101816;195.780000000;500;9394108591;B
20240116;101819;195.660000000;10;9394109052;S
20240116;101819;195.640000000;20;9394109053;S
20240116;101822;195.640000000;30;9394109793;S
20240116;101823;195.640000000;370;9394109952;B
20240116;101823;195.680000000;40;9394109953;B
20240116;101823;195.720000000;500;9394109954;B
20240116;101823;195.740000000;50;9394109955;B
20240116;101823;195.740000000;40;9394109956;B
20240116;101823;195.620000000;20;9394109985;S
20240116;101825;195.740000000;10;9394110379;B
20240116;101825;195.640000000;100;9394110412;S
20240116;101825;195.600000000;20;9394110413;S
20240116;101825;195.600000000;10;9394110414;S
20240116;101825;195.600000000;40;9394110415;S
20240116;101825;195.580000000;330;9394110416;S
20240116;101826;195.580000000;70;9394110527;S
20240116;101827;195.580000000;70;9394110670;S
20240116;101827;195.740000000;50;9394110676;B
20240116;101828;195.580000000;220;9394110780;S
20240116;101828;195.580000000;10;9394110824;S
20240116;101830;195.640000000;40;9394111025;B
20240116;101830;195.700000000;40;9394111026;B
20240116;101830;195.720000000;260;9394111027;B
20240116;101830;195.720000000;500;9394111028;B
20240116;101830;195.720000000;10;9394111029;B
20240116;101830;195.740000000;50;9394111030;B
20240116;101832;195.740000000;100;9394111364;S
20240116;101832;195.620000000;60;9394111365;B
20240116;101833;195.640000000;10;9394111589;B
20240116;101835;195.640000000;10;9394111886;B
20240116;101836;195.640000000;980;9394112073;B
20240116;101841;195.740000000;300;9394112831;B
20240116;101841;195.800000000;300;9394112832;B
20240116;101841;195.800000000;1810;9394112833;B
20240116;101841;195.820000000;40;9394112834;B
20240116;101841;195.820000000;500;9394112835;B
20240116;101841;195.840000000;50;9394112836;B
20240116;101847;195.720000000;30;9394113715;S
20240116;101848;195.840000000;220;9394113915;B
20240116;101848;195.860000000;500;9394113916;B
20240116;101848;195.860000000;50;9394113917;B
20240116;101848;195.880000000;1270;9394113918;B
20240116;101850;195.920000000;100;9394114250;B
20240116;101852;195.740000000;140;9394114393;S
20240116;101852;195.900000000;100;9394114396;B
20240116;101854;195.900000000;80;9394114633;B
20240116;101854;195.920000000;20;9394114634;B
20240116;101856;195.760000000;60;9394115033;S
20240116;101856;195.760000000;510;9394115034;S
20240116;101856;195.740000000;400;9394115035;S
20240116;101856;195.740000000;40;9394115036;S
20240116;101856;195.740000000;140;9394115037;B
20240116;101858;195.900000000;90;9394115232;B
20240116;101858;195.900000000;480;9394115233;B
20240116;101858;195.920000000;500;9394115234;B
20240116;101858;195.920000000;40;9394115235;B
20240116;101858;195.940000000;40;9394115236;B
20240116;101858;195.940000000;850;9394115237;B
20240116;101900;195.900000000;10;9394115572;S
20240116;101901;195.740000000;20;9394115645;S
20240116;101901;195.740000000;10;9394115646;B
20240116;101901;195.740000000;60;9394115647;B
20240116;101902;195.720000000;100;9394115817;S
20240116;101902;195.720000000;10;9394115818;S
20240116;101902;195.700000000;10;9394115819;S
20240116;101902;195.700000000;30;9394115820;S
20240116;101902;195.880000000;60;9394115887;B
20240116;101902;195.900000000;40;9394115888;B
20240116;101903;195.800000000;10;9394115974;S
20240116;101903;195.700000000;40;9394115975;S
20240116;101904;195.900000000;10;9394116041;B
20240116;101904;195.720000000;10;9394116076;S
20240116;101907;195.880000000;10;9394116468;B
20240116;101910;195.880000000;10;9394116762;B
20240116;101915;195.780000000;10;9394117469;S
20240116;101915;195.780000000;30;9394117470;S
20240116;101915;195.880000000;10;9394117530;B
20240116;101917;195.880000000;40;9394117722;B
20240116;101917;195.880000000;50;9394117723;B
20240116;101919;195.900000000;20;9394118104;B
20240116;101919;195.900000000;20;9394118105;B
20240116;101919;195.900000000;10;9394118106;B
20240116;101921;195.880000000;260;9394118302;S
20240116;101921;195.860000000;40;9394118303;S
20240116;101921;195.760000000;50;9394118304;S
20240116;101923;195.900000000;10;9394118668;B
20240116;101923;195.900000000;40;9394118669;B
20240116;101923;195.920000000;150;9394118670;B
20240116;101923;195.920000000;30;9394118737;B
20240116;101924;195.880000000;100;9394118808;S
20240116;101924;195.880000000;10;9394118809;S
20240116;101924;195.880000000;110;9394118810;S
20240116;101924;195.860000000;40;9394118811;S
20240116;101924;195.780000000;40;9394118812;S
20240116;101924;195.760000000;100;9394118813;S
20240116;101926;195.760000000;340;9394119359;S
20240116;101926;195.760000000;30;9394119360;S
20240116;101926;195.740000000;10;9394119361;S
20240116;101926;195.740000000;20;9394119362;S
20240116;101928;195.760000000;70;9394119714;S
20240116;101931;195.860000000;50;9394120096;B
20240116;101933;195.860000000;10;9394120332;B
20240116;101933;195.860000000;20;9394120333;B
20240116;101933;195.860000000;20;9394120334;B
20240116;101933;195.860000000;10;9394120335;B
20240116;101937;195.880000000;20;9394121200;B
20240116;101937;195.900000000;30;9394121201;B
20240116;101938;195.840000000;40;9394121266;S
20240116;101938;195.820000000;60;9394121267;S
20240116;101938;195.900000000;750;9394121272;B
20240116;101938;195.900000000;20;9394121273;B
20240116;101938;195.880000000;1200;9394121289;S
20240116;101938;195.860000000;40;9394121290;S
20240116;101938;195.820000000;150;9394121291;S
20240116;101938;195.820000000;1820;9394121292;S
20240116;101938;195.800000000;1200;9394121293;S
20240116;101938;195.780000000;10;9394121294;S
20240116;101938;195.780000000;530;9394121295;S
20240116;101942;195.900000000;10;9394121995;B
20240116;101942;195.900000000;50;9394121996;B
20240116;101942;195.920000000;820;9394121997;B
20240116;101942;195.920000000;10;9394121998;B
20240116;101942;195.940000000;40;9394121999;B
20240116;101946;195.860000000;1540;9394122941;B
20240116;101948;195.840000000;40;9394123099;S
20240116;101948;195.820000000;60;9394123100;S
20240116;101951;195.900000000;100;9394123531;B
20240116;101952;195.880000000;10;9394123763;B
20240116;101953;195.820000000;100;9394123827;S
20240116;101953;195.820000000;30;9394123828;S
20240116;101953;195.800000000;1000;9394123829;S
20240116;101953;195.800000000;100;9394123830;S
20240116;101953;195.780000000;1880;9394123831;S
20240116;101953;195.780000000;890;9394123832;S
20240116;101956;195.820000000;10;9394124297;B
20240116;101957;195.820000000;10;9394124517;S
20240116;101957;195.800000000;10;9394124518;S
20240116;101959;195.780000000;1000;9394124701;S
20240116;102001;195.780000000;10;9394125016;S
20240116;102002;195.780000000;100;9394125091;S
20240116;102002;195.780000000;20;9394125092;S
20240116;102002;195.780000000;10;9394125093;S
20240116;102002;195.780000000;20;9394125094;S
20240116;102002;195.880000000;10;9394125198;B
20240116;102007;195.900000000;100;9394126057;B
20240116;102013;195.920000000;50;9394126863;B
20240116;102015;195.960000000;50;9394127427;B
20240116;102015;195.960000000;20;9394127428;B
20240116;102015;195.980000000;30;9394127429;B
20240116;102016;195.980000000;4970;9394127621;B
20240116;102016;196.000000000;150;9394127622;B
20240116;102016;196.000000000;520;9394127623;B
20240116;102016;196.000000000;20;9394127624;B
20240116;102016;196.000000000;10;9394127625;B
20240116;102016;196.000000000;40;9394127626;B
20240116;102016;196.020000000;300;9394127627;B
20240116;102016;196.040000000;10;9394127628;B
20240116;102016;196.060000000;500;9394127629;B
20240116;102016;196.080000000;10;9394127630;B
20240116;102016;196.080000000;500;9394127631;B
20240116;102016;196.100000000;30;9394127632;B
20240116;102016;196.100000000;1000;9394127633;B
20240116;102016;196.100000000;50;9394127634;B
20240116;102016;196.120000000;50;9394127635;B
20240116;102016;196.120000000;10;9394127636;B
20240116;102016;196.120000000;1270;9394127637;B
20240116;102016;196.160000000;560;9394127638;B
20240116;102017;196.120000000;10;9394127656;B
20240116;102019;196.060000000;10;9394128089;S
20240116;102021;196.100000000;20;9394128667;B
20240116;102021;196.140000000;30;9394128668;B
20240116;102022;196.060000000;110;9394128701;S
20240116;102023;196.140000000;20;9394128812;B
20240116;102023;196.160000000;20;9394128813;B
20240116;102023;196.160000000;440;9394128814;B
20240116;102023;196.180000000;1820;9394128815;B
20240116;102023;196.180000000;40;9394128816;B
20240116;102023;196.200000000;2520;9394128817;B
20240116;102029;196.180000000;10;9394129973;S
20240116;102032;196.140000000;10;9394130368;S
20240116;102035;196.140000000;10;9394131181;S
20240116;102044;196.160000000;220;9394132528;B
20240116;102044;196.180000000;90;9394132529;B
20240116;102044;196.180000000;70;9394132530;B
20240116;102044;196.180000000;40;9394132531;B
20240116;102046;196.200000000;10;9394132741;B
20240116;102046;196.200000000;300;9394132798;B
20240116;102046;196.200000000;510;9394132799;B
20240116;102046;196.200000000;40;9394132800;B
20240116;102046;196.200000000;2010;9394132801;B
20240116;102046;196.200000000;50;9394132802;B
20240116;102046;196.200000000;300;9394132803;B
20240116;102046;196.200000000;100;9394132804;B
20240116;102046;196.200000000;30;9394132805;B
20240116;102046;196.200000000;10;9394132806;B
20240116;102046;196.240000000;80;9394132810;B
20240116;102046;196.240000000;1200;9394132811;B
20240116;102046;196.300000000;80;9394132812;B
20240116;102046;196.300000000;20;9394132813;B
20240116;102047;196.320000000;10;9394132997;B
20240116;102047;196.320000000;10;9394132998;B
20240116;102047;196.320000000;30;9394133006;B
20240116;102047;196.340000000;20;9394133007;B
20240116;102051;196.340000000;10;9394133623;B
20240116;102057;196.300000000;50;9394134552;B
20240116;102057;196.320000000;10;9394134553;B
20240116;102057;196.320000000;40;9394134554;B
20240116;102057;196.340000000;20;9394134555;B
20240116;102057;196.340000000;10;9394134556;B
20240116;102057;196.340000000;110;9394134557;B
20240116;102057;196.360000000;60;9394134558;B
20240116;102057;196.360000000;80;9394134559;B
20240116;102057;196.360000000;1200;9394134560;B
20240116;102057;196.380000000;40;9394134561;B
20240116;102057;196.400000000;390;9394134562;B
20240116;102057;196.400000000;450;9394134563;B
20240116;102057;196.400000000;3000;9394134564;B
20240116;102057;196.400000000;50;9394134565;B
20240116;102057;196.440000000;100;9394134566;B
20240116;102057;196.440000000;110;9394134567;B
20240116;102057;196.440000000;30;9394134568;B
20240116;102057;196.440000000;500;9394134569;B
20240116;102057;196.440000000;500;9394134570;B
20240116;102057;196.460000000;340;9394134571;B
20240116;102057;196.460000000;2000;9394134572;B
20240116;102057;196.480000000;2000;9394134573;B
20240116;102057;196.500000000;240;9394134574;B
20240116;102058;196.460000000;20;9394134747;B
20240116;102105;196.380000000;100;9394135952;S
20240116;102105;196.300000000;700;9394135973;S
