<DATE>;<TIME>;<LAST>;<VOL>;<ID>;<OPER>
20240129;095934;194.000000000;10;9473204812;B
20240129;095934;194.000000000;10;9473204813;B
20240129;095934;194.000000000;10;9473204814;B
20240129;095934;194.000000000;20;9473204815;B
20240129;095934;194.000000000;60;9473204816;B
20240129;095934;194.000000000;120;9473204817;S
20240129;095934;194.000000000;70;9473204818;S
20240129;095934;194.000000000;60;9473204819;B
20240129;095934;194.000000000;70;9473204820;B
20240129;095934;194.000000000;180;9473204821;B
20240129;095934;194.000000000;250;9473204822;B
20240129;095934;194.000000000;250;9473204823;B
20240129;095934;194.000000000;310;9473204824;B
20240129;095934;194.000000000;250;9473204825;B
20240129;095934;194.000000000;250;9473204826;B
20240129;095934;194.000000000;280;9473204827;B
20240129;095934;194.000000000;250;9473204828;B
20240129;095934;194.000000000;560;9473204829;B
20240129;095934;194.000000000;200;9473204830;B
20240129;095934;194.000000000;80;9473204831;B
20240129;095934;194.000000000;80;9473204832;B
20240129;095934;194.000000000;90;9473204833;B
20240129;095934;194.000000000;20;9473204834;B
20240129;095934;194.000000000;30;9473204835;B
20240129;095934;194.000000000;10;9473204836;B
20240129;095934;194.000000000;10;9473204837;B
20240129;095934;194.000000000;20;9473204838;B
20240129;095934;194.000000000;10;9473204839;B
20240129;095934;194.000000000;100;9473204840;B
20240129;095934;194.000000000;20;9473204841;B
20240129;095934;194.000000000;60;9473204842;B
20240129;095934;194.000000000;10;9473204843;B
20240129;095934;194.000000000;10;9473204844;B
20240129;095934;194.000000000;10;9473204845;B
20240129;095934;194.000000000;20;9473204846;B
20240129;095934;194.000000000;100;9473204847;B
20240129;095934;194.000000000;500;9473204848;B
20240129;095934;194.000000000;100;9473204849;B
20240129;095934;194.000000000;50;9473204850;B
20240129;095934;194.000000000;50;9473204851;B
20240129;100000;194.100000000;50;9473214609;B
20240129;100001;194.060000000;10;9473215535;S
20240129;100001;194.200000000;100;9473215657;B
20240129;100001;194.320000000;500;9473215658;B
20240129;100001;194.340000000;430;9473215953;B
20240129;100001;194.360000000;90;9473215954;B
20240129;100002;194.100000000;300;9473216247;S
20240129;100002;194.200000000;70;9473216485;B
20240129;100002;194.340000000;1400;9473216486;B
20240129;100002;194.360000000;410;9473216487;B
20240129;100002;194.380000000;600;9473216488;B
20240129;100002;194.400000000;300;9473216489;B
20240129;100002;194.400000000;150;9473216490;B
20240129;100002;194.400000000;930;9473216491;B
20240129;100002;194.460000000;1500;9473216492;B
20240129;100002;194.480000000;250;9473216493;B
20240129;100002;194.480000000;1190;9473216494;B
20240129;100002;194.260000000;500;9473216740;S
20240129;100003;194.480000000;200;9473216974;B
20240129;100003;194.260000000;10;9473217016;S
20240129;100003;194.260000000;10;9473217436;S
20240129;100003;194.480000000;10;9473217438;B
20240129;100003;194.480000000;10;9473217730;B
20240129;100003;194.480000000;20;9473217731;B
20240129;100003;194.260000000;20;9473217733;S
20240129;100004;194.480000000;500;9473218106;B
20240129;100004;194.480000000;100;9473219461;B
20240129;100004;194.480000000;50;9473219466;B
20240129;100004;194.260000000;20;9473219470;S
20240129;100004;194.260000000;10;9473219493;S
20240129;100004;194.480000000;20;9473219581;B
20240129;100005;194.280000000;20;9473220262;S
20240129;100005;194.280000000;10;9473220269;S
20240129;100005;194.480000000;20;9473220841;B
20240129;100005;194.260000000;10;9473221758;S
20240129;100005;194.260000000;10;9473221763;S
20240129;100005;194.480000000;10;9473222185;B
20240129;100005;194.480000000;10;9473222186;B
20240129;100005;194.240000000;30;9473222187;S
20240129;100005;194.260000000;140;9473222898;S
20240129;100005;194.240000000;40;9473223590;S
20240129;100005;194.460000000;10;9473223595;B
20240129;100005;194.480000000;20;9473223598;B
20240129;100006;194.220000000;50;9473223951;S
20240129;100006;194.460000000;10;9473223953;B
20240129;100006;194.460000000;10;9473223981;B
20240129;100006;194.460000000;10;9473223984;B
20240129;100006;194.460000000;10;9473225270;B
20240129;100006;194.460000000;10;9473225271;B
20240129;100007;194.260000000;10;9473226084;S
20240129;100007;194.460000000;10;9473226085;B
20240129;100007;194.480000000;10;9473226086;B
20240129;100007;194.460000000;10;9473226550;B
20240129;100007;194.460000000;20;9473226553;B
20240129;100007;194.460000000;10;9473226660;B
20240129;100008;194.460000000;10;9473227578;B
20240129;100008;194.460000000;10;9473227579;B
20240129;100009;194.280000000;30;9473228028;S
20240129;100010;194.200000000;170;9473228372;S
20240129;100010;194.440000000;80;9473228388;B
20240129;100010;194.440000000;20;9473228389;B
20240129;100010;194.440000000;30;9473228390;B
20240129;100010;194.440000000;20;9473228742;B
20240129;100014;194.440000000;290;9473230017;B
20240129;100014;194.220000000;10;9473230125;S
20240129;100014;194.240000000;430;9473230147;B
20240129;100016;194.240000000;520;9473230696;B
20240129;100018;194.120000000;780;9473231839;S
20240129;100018;194.120000000;220;9473231840;S
20240129;100018;194.240000000;50;9473232072;B
20240129;100018;194.400000000;20;9473232073;B
20240129;100018;194.400000000;80;9473232078;B
20240129;100018;194.400000000;60;9473232114;B
20240129;100021;194.380000000;30;9473233030;B
20240129;100023;194.240000000;20;9473233508;S
20240129;100026;194.100000000;100;9473234409;S
20240129;100026;194.080000000;900;9473234410;S
20240129;100026;194.240000000;10;9473234451;B
20240129;100026;194.120000000;930;9473234541;S
20240129;100026;194.120000000;70;9473234542;S
20240129;100029;194.060000000;1000;9473235508;S
20240129;100029;194.120000000;10;9473235658;S
20240129;100030;194.240000000;520;9473235846;B
20240129;100030;194.240000000;200;9473235876;B
20240129;100032;194.240000000;70;9473236712;B
20240129;100036;194.240000000;180;9473237966;B
20240129;100036;194.340000000;570;9473237967;B
20240129;100043;194.200000000;350;9473239792;S
20240129;100045;194.220000000;10;9473240521;B
20240129;100047;194.220000000;20;9473241060;B
20240129;100047;194.200000000;170;9473241063;S
20240129;100047;194.180000000;100;9473241064;S
20240129;100047;194.160000000;100;9473241065;S
20240129;100047;194.080000000;40;9473241066;S
20240129;100047;194.040000000;90;9473241067;S
20240129;100049;194.220000000;10;9473241679;B
20240129;100050;194.220000000;70;9473241886;B
20240129;100051;194.120000000;40;9473242058;S
20240129;100051;194.040000000;30;9473242059;S
20240129;100051;194.080000000;50;9473242102;S
20240129;100054;194.060000000;780;9473242767;S
20240129;100054;194.040000000;330;9473242768;S
20240129;100054;194.040000000;90;9473242769;B
20240129;100054;194.040000000;180;9473242832;B
20240129;100054;194.220000000;120;9473242833;B
20240129;100059;194.120000000;10;9473243928;S
20240129;100108;194.220000000;20;9473245809;B
20240129;100108;194.220000000;120;9473245810;B
20240129;100108;194.220000000;380;9473245811;B
20240129;100109;194.220000000;20;9473245956;B
20240129;100110;194.220000000;10;9473246084;B
20240129;100116;194.220000000;30;9473247218;B
20240129;100116;194.320000000;100;9473247219;B
20240129;100116;194.320000000;40;9473247220;B
20240129;100116;194.340000000;130;9473247221;B
20240129;100120;194.360000000;250;9473248028;B
20240129;100120;194.420000000;750;9473248029;B
20240129;100126;194.180000000;10;9473249404;S
20240129;100128;194.200000000;70;9473249757;S
20240129;100128;194.400000000;10;9473249865;B
20240129;100128;194.420000000;90;9473249866;B
20240129;100131;194.420000000;10;9473250387;B
20240129;100131;194.420000000;20;9473250489;B
20240129;100132;194.420000000;140;9473250783;B
20240129;100132;194.420000000;700;9473250784;B
20240129;100133;194.420000000;40;9473250923;B
20240129;100136;194.400000000;10;9473251499;S
20240129;100136;194.420000000;20;9473251515;B
20240129;100139;194.400000000;670;9473252022;S
20240129;100143;194.400000000;30;9473252793;S
20240129;100143;194.400000000;20;9473252796;S
20240129;100145;194.400000000;200;9473253132;S
20240129;100146;194.420000000;10;9473253279;B
20240129;100148;194.400000000;70;9473253784;S
20240129;100148;194.320000000;130;9473253785;S
20240129;100148;194.420000000;20;9473253820;B
20240129;100148;194.420000000;40;9473253870;B
20240129;100203;194.420000000;30;9473256699;B
20240129;100204;194.300000000;30;9473256764;S
20240129;100213;194.400000000;20;9473258544;B
20240129;100215;194.340000000;30;9473258855;S
20240129;100215;194.420000000;50;9473258906;B
20240129;100220;194.420000000;300;9473259992;B
20240129;100233;194.360000000;20;9473262424;S
20240129;100246;194.420000000;40;9473264954;B
20240129;100246;194.420000000;10;9473264955;B
20240129;100248;194.420000000;990;9473265454;B
20240129;100248;194.420000000;10;9473265455;B
20240129;100251;194.360000000;10;9473265836;S
20240129;100252;194.460000000;50;9473266099;B
20240129;100254;194.360000000;200;9473266511;S
20240129;100257;194.440000000;10;9473266993;B
20240129;100308;194.440000000;120;9473268888;B
20240129;100309;194.440000000;50;9473269084;B
20240129;100309;194.380000000;20;9473269217;S
20240129;100312;194.440000000;20;9473269700;B
20240129;100312;194.440000000;480;9473269701;B
20240129;100313;194.440000000;220;9473269951;B
20240129;100313;194.460000000;20;9473269952;B
20240129;100313;194.460000000;60;9473269953;B
20240129;100316;194.420000000;100;9473270494;S
20240129;100320;194.460000000;500;9473271217;B
20240129;100324;194.460000000;440;9473272146;B
20240129;100324;194.480000000;60;9473272147;B
20240129;100324;194.460000000;50;9473272172;B
20240129;100324;194.440000000;420;9473272334;S
20240129;100324;194.440000000;500;9473272335;S
20240129;100324;194.360000000;50;9473272336;S
20240129;100324;194.360000000;780;9473272337;S
20240129;100324;194.340000000;10;9473272338;S
20240129;100324;194.340000000;10;9473272339;S
20240129;100324;194.340000000;30;9473272340;S
20240129;100324;194.340000000;740;9473272341;S
20240129;100324;194.320000000;190;9473272342;S
20240129;100324;194.300000000;50;9473272343;S
20240129;100324;194.300000000;1320;9473272344;S
20240129;100324;194.280000000;2400;9473272345;S
20240129;100324;194.240000000;1860;9473272346;S
20240129;100324;194.220000000;100;9473272347;S
20240129;100324;194.180000000;1000;9473272348;S
20240129;100324;194.160000000;100;9473272349;S
20240129;100324;194.140000000;100;9473272350;S
20240129;100324;194.140000000;5000;9473272351;S
20240129;100324;194.120000000;10;9473272352;S
20240129;100324;194.120000000;80;9473272353;S
20240129;100324;194.100000000;100;9473272354;S
20240129;100324;194.080000000;4650;9473272355;S
20240129;100324;194.180000000;190;9473272357;S
20240129;100324;194.180000000;210;9473272358;S
20240129;100325;194.180000000;570;9473272458;S
20240129;100325;194.120000000;270;9473272459;S
20240129;100328;194.240000000;190;9473273258;B
20240129;100328;194.260000000;100;9473273259;B
20240129;100328;194.300000000;510;9473273260;B
20240129;100331;194.240000000;190;9473273801;B
20240129;100331;194.260000000;610;9473273802;B
20240129;100333;194.280000000;10;9473274351;B
20240129;100337;194.280000000;20;9473275106;B
20240129;100344;194.200000000;100;9473276301;B
20240129;100344;194.180000000;30;9473276415;S
20240129;100349;194.200000000;350;9473277103;B
20240129;100349;194.200000000;20;9473277167;B
20240129;100350;194.160000000;150;9473277442;S
20240129;100353;194.200000000;10;9473277927;B
20240129;100354;194.100000000;100;9473277986;S
20240129;100355;194.200000000;20;9473278315;B
20240129;100401;194.200000000;100;9473279667;S
20240129;100401;194.180000000;380;9473279668;S
20240129;100401;194.140000000;220;9473279669;S
20240129;100401;194.280000000;70;9473279764;B
20240129;100401;194.280000000;190;9473279765;B
20240129;100401;194.300000000;240;9473279766;B
20240129;100407;194.200000000;20;9473280808;S
20240129;100412;194.180000000;60;9473281768;S
20240129;100425;194.180000000;10;9473284445;S
20240129;100426;194.180000000;10;9473284746;S
20240129;100426;194.180000000;230;9473284747;S
20240129;100427;194.300000000;10;9473284846;B
20240129;100431;194.280000000;10;9473285663;B
20240129;100435;194.300000000;90;9473286368;B
20240129;100436;194.300000000;500;9473286533;B
20240129;100437;194.180000000;10;9473286677;S
20240129;100437;194.180000000;10;9473286678;S
20240129;100437;194.160000000;100;9473286679;S
20240129;100437;194.160000000;30;9473286680;S
20240129;100440;194.140000000;60;9473287067;S
20240129;100444;194.280000000;10;9473287739;B
20240129;100449;194.140000000;30;9473288820;S
20240129;100450;194.140000000;20;9473289027;S
20240129;100454;194.280000000;120;9473289593;B
20240129;100454;194.280000000;1080;9473289594;B
20240129;100454;194.280000000;770;9473289595;S
20240129;100454;194.280000000;30;9473289623;S
20240129;100454;194.220000000;280;9473289624;S
20240129;100457;194.160000000;100;9473290329;S
20240129;100500;194.280000000;10;9473290940;B
20240129;100501;194.280000000;10;9473291108;B
20240129;100502;194.280000000;130;9473291480;B
20240129;100507;194.280000000;130;9473292131;B
20240129;100510;194.240000000;200;9473292936;B
20240129;100510;194.260000000;260;9473292937;B
20240129;100510;194.280000000;320;9473292938;B
20240129;100510;194.280000000;110;9473293013;S
20240129;100511;194.280000000;410;9473293128;S
20240129;100511;194.280000000;370;9473293129;S
20240129;100511;194.200000000;100;9473293130;S
20240129;100511;194.180000000;20;9473293131;S
20240129;100511;194.180000000;80;9473293132;S
20240129;100511;194.180000000;780;9473293133;S
20240129;100511;194.160000000;1030;9473293134;S
20240129;100511;194.140000000;130;9473293135;S
20240129;100511;194.120000000;10;9473293136;S
20240129;100511;194.120000000;20;9473293137;S
20240129;100511;194.120000000;500;9473293138;S
20240129;100511;194.100000000;100;9473293139;S
20240129;100511;194.100000000;10;9473293140;S
20240129;100511;194.100000000;190;9473293141;S
20240129;100511;194.040000000;100;9473293142;S
20240129;100511;194.040000000;150;9473293143;S
20240129;100514;194.080000000;50;9473293657;S
20240129;100518;194.220000000;30;9473294512;B
20240129;100519;194.120000000;10;9473294635;S
20240129;100520;194.200000000;10;9473294867;B
20240129;100520;194.220000000;10;9473294868;B
20240129;100523;194.120000000;160;9473295355;S
20240129;100524;194.220000000;130;9473295577;B
20240129;100525;194.120000000;30;9473295710;S
20240129;100530;194.220000000;80;9473296610;B
20240129;100530;194.260000000;20;9473296611;B
20240129;100530;194.260000000;30;9473296612;B
20240129;100537;194.140000000;10;9473298051;S
20240129;100537;194.120000000;70;9473298052;S
20240129;100539;194.260000000;10;9473298233;B
20240129;100541;194.260000000;80;9473298625;B
20240129;100541;194.280000000;1860;9473298626;B
20240129;100541;194.280000000;150;9473298627;B
20240129;100541;194.300000000;500;9473298628;B
20240129;100541;194.320000000;10;9473298629;B
20240129;100541;194.320000000;500;9473298757;B
20240129;100542;194.180000000;50;9473298901;S
20240129;100546;194.240000000;10;9473299776;S
20240129;100548;194.240000000;90;9473299976;S
20240129;100548;194.220000000;310;9473299977;S
20240129;100551;194.320000000;30;9473300560;B
20240129;100555;194.320000000;310;9473301270;B
20240129;100558;194.320000000;10;9473301908;B
20240129;100607;194.320000000;300;9473303377;B
20240129;100609;194.320000000;1000;9473303707;B
20240129;100615;194.300000000;10;9473304869;B
20240129;100618;194.300000000;90;9473305381;B
20240129;100618;194.300000000;160;9473305382;B
20240129;100619;194.260000000;100;9473305575;S
20240129;100624;194.260000000;370;9473306664;S
20240129;100624;194.260000000;80;9473306665;S
20240129;100624;194.240000000;550;9473306666;S
20240129;100633;194.280000000;10;9473308678;B
20240129;100635;194.280000000;10;9473308914;B
20240129;100639;194.280000000;60;9473309486;B
20240129;100639;194.280000000;100;9473309487;B
20240129;100639;194.300000000;20;9473309488;B
20240129;100639;194.300000000;320;9473309489;B
20240129;100639;194.300000000;100;9473309490;B
20240129;100639;194.320000000;160;9473309491;B
20240129;100639;194.320000000;250;9473309492;B
20240129;100639;194.320000000;10;9473309493;B
20240129;100652;194.320000000;20;9473311948;S
20240129;100654;194.400000000;100;9473312309;B
20240129;100654;194.440000000;10;9473312310;B
20240129;100705;194.440000000;390;9473314198;B
20240129;100705;194.440000000;100;9473314199;B
20240129;100705;194.480000000;2080;9473314200;B
20240129;100705;194.480000000;690;9473314203;B
20240129;100707;194.400000000;470;9473314677;S
20240129;100709;194.500000000;20;9473314916;B
20240129;100709;194.500000000;20;9473314917;B
20240129;100711;194.400000000;10;9473315407;S
20240129;100711;194.380000000;300;9473315408;S
20240129;100719;194.480000000;60;9473316748;B
20240129;100719;194.500000000;1000;9473316749;B
20240129;100719;194.500000000;30;9473316750;B
20240129;100719;194.500000000;250;9473316751;B
20240129;100719;194.500000000;100;9473316752;B
20240129;100719;194.520000000;10;9473316753;B
20240129;100719;194.520000000;250;9473316754;B
20240129;100719;194.500000000;350;9473316755;S
20240129;100720;194.560000000;10;9473316880;B
20240129;100720;194.600000000;90;9473316881;B
20240129;100726;194.540000000;10;9473317900;B
20240129;100727;194.540000000;30;9473318149;B
20240129;100727;194.580000000;70;9473318150;B
20240129;100728;194.500000000;10;9473318282;S
20240129;100729;194.560000000;20;9473318410;B
20240129;100729;194.580000000;20;9473318411;B
20240129;100729;194.600000000;640;9473318412;B
20240129;100729;194.620000000;500;9473318413;B
20240129;100729;194.620000000;500;9473318414;B
20240129;100729;194.640000000;300;9473318415;B
20240129;100729;194.640000000;70;9473318416;B
20240129;100729;194.660000000;2000;9473318417;B
20240129;100729;194.680000000;10;9473318418;B
20240129;100729;194.700000000;300;9473318419;B
20240129;100729;194.720000000;520;9473318420;B
20240129;100729;194.720000000;320;9473318421;B
20240129;100729;194.700000000;400;9473318490;B
20240129;100731;194.560000000;10;9473318834;S
20240129;100742;194.560000000;50;9473320795;S
20240129;100742;194.520000000;50;9473320796;S
20240129;100744;194.560000000;10;9473321218;B
20240129;100749;194.660000000;10;9473321929;B
20240129;100751;194.560000000;10;9473322154;S
20240129;100751;194.540000000;100;9473322155;S
20240129;100751;194.540000000;390;9473322156;S
20240129;100751;194.660000000;150;9473322249;B
20240129;100751;194.680000000;10;9473322250;B
20240129;100751;194.680000000;20;9473322251;B
20240129;100753;194.560000000;10;9473322507;S
20240129;100753;194.540000000;40;9473322508;S
20240129;100756;194.620000000;20;9473323289;B
20240129;100806;194.620000000;60;9473325243;B
20240129;100806;194.640000000;20;9473325244;B
20240129;100808;194.660000000;410;9473325974;B
20240129;100808;194.660000000;500;9473325975;B
20240129;100808;194.680000000;100;9473325976;B
20240129;100808;194.680000000;10;9473325977;B
20240129;100808;194.700000000;20;9473325978;B
20240129;100808;194.700000000;260;9473325979;B
20240129;100808;194.720000000;280;9473325980;B
20240129;100808;194.740000000;260;9473325981;B
20240129;100808;194.740000000;520;9473325982;B
20240129;100808;194.740000000;780;9473325983;B
20240129;100808;194.740000000;10;9473325984;B
20240129;100808;194.760000000;300;9473325985;B
20240129;100808;194.760000000;2000;9473325986;B
20240129;100808;194.780000000;2000;9473325987;B
20240129;100808;194.780000000;500;9473325988;B
20240129;100808;194.780000000;550;9473325989;S
20240129;100811;194.780000000;20;9473326596;B
20240129;100819;194.740000000;780;9473327965;B
20240129;100819;194.740000000;220;9473327966;B
20240129;100823;194.760000000;10;9473328610;B
20240129;100823;194.780000000;40;9473328611;B
20240129;100823;194.780000000;10;9473328622;B
20240129;100824;194.780000000;50;9473328782;B
20240129;100824;194.780000000;200;9473328838;B
20240129;100836;194.760000000;10;9473331262;B
20240129;100838;194.760000000;100;9473331507;B
20240129;100838;194.760000000;10;9473331508;B
20240129;100838;194.780000000;10;9473331509;B
20240129;100838;194.780000000;520;9473331510;B
20240129;100838;194.800000000;1000;9473331511;B
20240129;100838;194.820000000;20;9473331512;B
20240129;100838;194.820000000;500;9473331513;B
20240129;100838;194.840000000;300;9473331514;B
20240129;100838;194.840000000;10;9473331515;B
20240129;100838;194.860000000;20;9473331516;B
20240129;100838;194.860000000;30;9473331517;B
20240129;100838;194.860000000;620;9473331523;S
20240129;100838;194.860000000;1000;9473331645;S
20240129;100838;194.880000000;20;9473331652;B
20240129;100838;194.880000000;480;9473331653;B
20240129;100838;194.860000000;100;9473331677;S
20240129;100839;194.880000000;290;9473331714;B
20240129;100839;194.880000000;480;9473331715;B
20240129;100839;194.880000000;610;9473331716;B
20240129;100839;194.860000000;20;9473331735;S
20240129;100839;194.860000000;100;9473331815;S
20240129;100839;194.900000000;70;9473331819;B
20240129;100839;194.900000000;10;9473331820;B
20240129;100839;194.900000000;20;9473331821;B
20240129;100840;194.860000000;10;9473331898;S
20240129;100840;194.860000000;90;9473331951;S
20240129;100841;194.900000000;10;9473332130;B
20240129;100844;194.860000000;300;9473332627;S
20240129;100845;194.880000000;200;9473332967;B
20240129;100846;194.880000000;1000;9473333101;B
20240129;100853;194.880000000;10;9473334384;B
20240129;100854;194.880000000;10;9473334410;B
20240129;100854;194.880000000;10;9473334433;B
20240129;100854;194.880000000;10;9473334469;B
20240129;100854;194.860000000;200;9473334510;S
20240129;100854;194.880000000;10;9473334512;B
20240129;100854;194.860000000;10;9473334550;S
20240129;100854;194.880000000;10;9473334577;B
20240129;100854;194.880000000;10;9473334620;B
20240129;100855;194.880000000;10;9473334669;B
20240129;100855;194.880000000;10;9473334705;B
20240129;100855;194.880000000;10;9473334733;B
20240129;100855;194.880000000;10;9473334838;B
20240129;100855;194.880000000;10;9473334867;B
20240129;100855;194.880000000;40;9473334918;B
20240129;100856;194.880000000;10;9473334922;B
20240129;100856;194.880000000;10;9473335019;B
20240129;100856;194.880000000;10;9473335080;B
20240129;100856;194.900000000;10;9473335111;B
20240129;100856;194.900000000;10;9473335157;B
20240129;100856;194.900000000;10;9473335233;B
20240129;100857;194.900000000;10;9473335271;B
20240129;100857;194.900000000;10;9473335374;B
20240129;100857;194.900000000;110;9473335375;B
20240129;100858;194.900000000;10;9473335489;B
20240129;100858;194.900000000;10;9473335533;B
20240129;100859;194.900000000;10;9473335747;B
20240129;100859;194.880000000;10;9473335756;S
20240129;100900;194.880000000;10;9473335777;B
20240129;100900;194.880000000;10;9473335808;B
20240129;100900;194.880000000;10;9473335831;B
20240129;100900;194.900000000;10;9473335855;B
20240129;100900;194.880000000;10;9473335892;B
20240129;100901;194.880000000;10;9473335941;B
20240129;100901;194.880000000;10;9473335979;B
20240129;100901;194.880000000;250;9473336021;B
20240129;100902;194.900000000;10;9473336204;B
20240129;100903;194.900000000;10;9473336253;B
20240129;100903;194.900000000;10;9473336294;B
20240129;100903;194.900000000;10;9473336333;B
20240129;100903;194.900000000;10;9473336364;B
20240129;100903;194.900000000;10;9473336397;B
20240129;100904;194.900000000;10;9473336422;B
20240129;100904;194.900000000;10;9473336479;B
20240129;100904;194.900000000;10;9473336508;B
20240129;100904;194.900000000;10;9473336540;B
20240129;100904;194.900000000;10;9473336570;B
20240129;100905;194.900000000;10;9473336579;B
20240129;100905;194.900000000;10;9473336616;B
20240129;100905;194.900000000;10;9473336634;B
20240129;100905;194.900000000;10;9473336666;B
20240129;100905;194.900000000;10;9473336759;B
20240129;100905;194.900000000;10;9473336768;B
20240129;100906;194.900000000;10;9473336807;B
20240129;100906;194.900000000;10;9473336819;B
20240129;100906;194.900000000;10;9473336853;B
20240129;100906;194.900000000;10;9473336878;B
20240129;100906;194.900000000;10;9473336912;B
20240129;100907;194.900000000;10;9473336946;B
20240129;100907;194.900000000;10;9473337010;B
20240129;100907;194.900000000;10;9473337041;B
20240129;100907;194.900000000;10;9473337104;B
20240129;100907;194.900000000;10;9473337153;B
20240129;100907;194.900000000;10;9473337167;B
20240129;100908;194.900000000;50;9473337213;B
20240129;100908;194.900000000;10;9473337215;B
20240129;100908;194.900000000;10;9473337293;B
20240129;100908;194.900000000;10;9473337317;B
20240129;100908;194.900000000;10;9473337339;B
20240129;100908;194.900000000;10;9473337370;B
20240129;100908;194.920000000;10;9473337378;B
20240129;100909;194.920000000;10;9473337424;B
20240129;100909;194.920000000;140;9473337429;B
20240129;100909;194.920000000;10;9473337440;B
20240129;100909;194.920000000;10;9473337460;B
20240129;100909;194.920000000;10;9473337486;B
20240129;100909;194.920000000;310;9473337499;B
20240129;100909;194.920000000;20;9473337500;B
20240129;100909;194.920000000;50;9473337501;B
20240129;100909;194.940000000;10;9473337502;B
20240129;100909;194.940000000;10;9473337503;B
20240129;100909;194.940000000;20;9473337504;B
20240129;100909;194.940000000;10;9473337505;B
20240129;100909;194.940000000;10;9473337506;B
20240129;100909;194.940000000;280;9473337507;B
20240129;100909;194.940000000;20;9473337508;B
20240129;100909;194.940000000;390;9473337509;B
20240129;100909;194.960000000;20;9473337510;B
20240129;100909;194.960000000;30;9473337511;B
20240129;100909;194.960000000;520;9473337512;B
20240129;100909;194.960000000;780;9473337513;B
20240129;100909;194.980000000;3420;9473337514;B
20240129;100909;194.980000000;10;9473337515;B
20240129;100909;194.980000000;20;9473337516;B
20240129;100909;194.980000000;20;9473337517;B
20240129;100909;195.000000000;170;9473337518;B
20240129;100909;195.000000000;1500;9473337519;B
20240129;100909;195.000000000;20;9473337520;B
20240129;100909;195.000000000;600;9473337521;B
20240129;100909;195.000000000;40;9473337522;B
20240129;100909;195.000000000;30;9473337523;B
20240129;100909;195.000000000;70;9473337524;B
20240129;100909;195.000000000;10;9473337525;B
20240129;100909;195.000000000;10;9473337526;B
20240129;100909;195.000000000;60;9473337527;B
20240129;100909;195.000000000;10;9473337528;B
20240129;100909;195.000000000;10;9473337529;B
20240129;100909;195.000000000;100;9473337530;B
20240129;100909;195.000000000;10;9473337531;B
20240129;100909;195.000000000;10;9473337532;B
20240129;100909;195.000000000;10;9473337533;B
20240129;100909;195.000000000;500;9473337534;B
20240129;100909;195.020000000;200;9473337535;B
20240129;100909;195.000000000;150;9473337537;S
20240129;100909;195.000000000;240;9473337539;S
20240129;100909;195.000000000;590;9473337540;S
20240129;100910;195.040000000;360;9473337601;B
20240129;100910;195.060000000;520;9473337656;B
20240129;100910;195.040000000;10;9473337657;S
20240129;100910;195.000000000;190;9473337658;S
20240129;100910;195.060000000;10;9473337688;B
20240129;100911;195.040000000;10;9473337720;B
20240129;100911;195.060000000;10;9473337746;B
20240129;100911;195.060000000;10;9473337764;B
20240129;100913;195.040000000;20;9473338057;B
20240129;100915;195.040000000;10;9473338346;B
20240129;100915;195.040000000;10;9473338363;B
20240129;100915;195.040000000;10;9473338392;B
20240129;100915;195.040000000;10;9473338472;B
20240129;100915;195.040000000;10;9473338532;B
20240129;100916;195.040000000;10;9473338544;B
20240129;100916;195.040000000;10;9473338581;B
20240129;100916;195.040000000;40;9473338697;B
20240129;100916;195.040000000;130;9473338698;B
20240129;100917;195.020000000;10;9473338769;S
20240129;100917;195.060000000;10;9473338777;B
20240129;100917;195.080000000;10;9473338813;B
20240129;100917;195.080000000;10;9473338830;B
20240129;100917;195.080000000;10;9473338908;B
20240129;100918;195.080000000;10;9473338947;B
20240129;100918;195.040000000;1500;9473338985;B
20240129;100918;195.080000000;410;9473338991;B
20240129;100918;195.080000000;520;9473338992;B
20240129;100918;195.080000000;520;9473338993;B
20240129;100919;195.100000000;10;9473339086;B
20240129;100919;195.060000000;10;9473339129;S
20240129;100919;195.060000000;10;9473339130;S
20240129;100919;195.040000000;280;9473339131;S
20240129;100919;195.100000000;10;9473339138;B
20240129;100919;195.080000000;10;9473339226;B
20240129;100919;195.100000000;10;9473339268;B
20240129;100920;195.100000000;20;9473339512;B
20240129;100920;195.120000000;10;9473339513;B
20240129;100922;195.120000000;10;9473339880;B
20240129;100923;195.120000000;10;9473339979;B
20240129;100923;195.100000000;1900;9473340001;B
20240129;100923;195.120000000;470;9473340050;B
20240129;100923;195.120000000;130;9473340051;B
20240129;100923;195.100000000;10;9473340077;S
20240129;100923;195.100000000;330;9473340078;S
20240129;100923;195.100000000;500;9473340079;S
20240129;100923;195.080000000;780;9473340080;S
20240129;100923;195.080000000;1880;9473340081;B
20240129;100923;195.140000000;10;9473340174;B
20240129;100924;195.140000000;390;9473340232;B
20240129;100924;195.140000000;80;9473340233;B
20240129;100924;195.160000000;10;9473340258;B
20240129;100924;195.120000000;10;9473340296;S
20240129;100924;195.160000000;10;9473340324;B
20240129;100925;195.160000000;10;9473340351;B
20240129;100926;195.160000000;70;9473340631;B
20240129;100926;195.160000000;90;9473340632;B
20240129;100926;195.160000000;260;9473340635;B
20240129;100926;195.160000000;130;9473340659;B
20240129;100927;195.140000000;30;9473340923;S
20240129;100928;195.200000000;10;9473340990;B
20240129;100928;195.200000000;50;9473341029;B
20240129;100928;195.200000000;100;9473341030;B
20240129;100928;195.200000000;50;9473341031;B
20240129;100928;195.200000000;520;9473341032;B
20240129;100928;195.200000000;10;9473341033;B
20240129;100929;195.200000000;10;9473341074;B
20240129;100929;195.200000000;10;9473341101;B
20240129;100932;195.200000000;10;9473341567;B
20240129;100932;195.200000000;10;9473341645;B
20240129;100933;195.200000000;480;9473341788;B
20240129;100934;195.200000000;10;9473341988;B
20240129;100934;195.200000000;10;9473342031;B
20240129;100934;195.200000000;10;9473342064;B
20240129;100935;195.200000000;10;9473342097;B
20240129;100935;195.200000000;10;9473342122;B
20240129;100935;195.200000000;50;9473342156;B
20240129;100937;195.180000000;10;9473342460;B
20240129;100937;195.180000000;10;9473342483;B
20240129;100938;195.180000000;20;9473342504;B
20240129;100938;195.180000000;520;9473342505;B
20240129;100938;195.180000000;200;9473342506;B
20240129;100938;195.180000000;740;9473342507;B
20240129;100938;195.180000000;40;9473342508;B
20240129;100938;195.180000000;40;9473342509;B
20240129;100938;195.180000000;480;9473342510;B
20240129;100938;195.180000000;90;9473342512;B
20240129;100938;195.200000000;2400;9473342516;B
20240129;100938;195.200000000;620;9473342517;B
20240129;100938;195.220000000;10;9473342595;B
20240129;100938;195.200000000;10;9473342620;B
20240129;100938;195.220000000;10;9473342624;B
20240129;100939;195.220000000;500;9473342646;B
20240129;100939;195.240000000;1000;9473342700;B
20240129;100940;195.220000000;10;9473342731;S
20240129;100940;195.200000000;10;9473342732;S
20240129;100940;195.200000000;10;9473342733;S
20240129;100940;195.200000000;970;9473342734;B
20240129;100940;195.200000000;400;9473342735;B
20240129;100940;195.260000000;100;9473342736;B
20240129;100940;195.280000000;500;9473342775;B
20240129;100940;195.280000000;10;9473342776;B
20240129;100940;195.280000000;240;9473342777;B
20240129;100940;195.260000000;10;9473342806;S
20240129;100940;195.240000000;10;9473342807;S
20240129;100940;195.240000000;10;9473342808;S
20240129;100940;195.240000000;170;9473342809;B
20240129;100941;195.200000000;20;9473342936;S
20240129;100942;195.260000000;10;9473343085;B
20240129;100942;195.260000000;10;9473343139;B
20240129;100942;195.260000000;10;9473343158;B
20240129;100943;195.260000000;10;9473343192;B
20240129;100943;195.260000000;10;9473343294;B
20240129;100943;195.260000000;10;9473343347;B
20240129;100943;195.280000000;10;9473343453;B
20240129;100943;195.280000000;10;9473343461;B
20240129;100944;195.280000000;760;9473343484;B
20240129;100944;195.280000000;200;9473343485;B
20240129;100944;195.300000000;10;9473343488;B
20240129;100944;195.280000000;10;9473343508;S
20240129;100944;195.300000000;250;9473343511;B
20240129;100944;195.300000000;240;9473343519;B
20240129;100944;195.300000000;90;9473343520;B
20240129;100944;195.320000000;170;9473343521;B
20240129;100944;195.280000000;10;9473343539;S
20240129;100944;195.320000000;330;9473343565;B
20240129;100945;195.300000000;500;9473343639;S
20240129;100945;195.280000000;510;9473343640;S
20240129;100945;195.280000000;330;9473343641;S
20240129;100945;195.260000000;10;9473343705;B
20240129;100945;195.260000000;10;9473343764;B
20240129;100946;195.260000000;10;9473343827;B
20240129;100946;195.240000000;10;9473343909;B
20240129;100946;195.260000000;10;9473343912;B
20240129;100946;195.260000000;10;9473343931;B
20240129;100946;195.260000000;10;9473343965;B
20240129;100947;195.260000000;10;9473344007;B
20240129;100947;195.260000000;10;9473344029;B
20240129;100947;195.260000000;10;9473344065;B
20240129;100947;195.260000000;10;9473344146;B
20240129;100947;195.260000000;90;9473344170;B
20240129;100948;195.260000000;10;9473344190;B
20240129;100948;195.260000000;360;9473344234;B
20240129;100948;195.260000000;10;9473344235;B
20240129;100948;195.280000000;10;9473344277;S
20240129;100948;195.280000000;10;9473344350;S
20240129;100948;195.280000000;10;9473344351;S
20240129;100948;195.260000000;10;9473344359;B
20240129;100949;195.260000000;10;9473344382;B
20240129;100949;195.260000000;10;9473344413;B
20240129;100949;195.260000000;10;9473344430;B
20240129;100949;195.260000000;10;9473344481;B
20240129;100949;195.260000000;10;9473344489;B
20240129;100950;195.260000000;10;9473344508;B
20240129;100950;195.260000000;10;9473344532;B
20240129;100950;195.260000000;10;9473344535;B
20240129;100950;195.260000000;10;9473344647;B
20240129;100950;195.260000000;10;9473344681;B
20240129;100951;195.260000000;10;9473344732;B
20240129;100951;195.260000000;10;9473344751;B
20240129;100951;195.260000000;50;9473344756;B
20240129;100951;195.260000000;450;9473344757;B
20240129;100951;195.260000000;10;9473344781;B
20240129;100951;195.260000000;10;9473344821;B
20240129;100951;195.260000000;10;9473344870;B
20240129;100951;195.240000000;10;9473344874;S
20240129;100952;195.260000000;10;9473344892;B
20240129;100952;195.260000000;1000;9473344898;B
20240129;100952;195.260000000;10;9473344944;B
20240129;100952;195.260000000;10;9473344960;B
20240129;100952;195.260000000;10;9473344991;B
20240129;100952;195.260000000;10;9473345025;B
20240129;100953;195.260000000;10;9473345040;B
20240129;100953;195.260000000;10;9473345063;B
20240129;100953;195.260000000;10;9473345089;B
20240129;100953;195.260000000;10;9473345113;B
20240129;100954;195.260000000;10;9473345239;B
20240129;100954;195.260000000;180;9473345274;B
20240129;100954;195.260000000;100;9473345312;B
20240129;100955;195.260000000;640;9473345387;B
20240129;100955;195.280000000;10;9473345388;B
20240129;100955;195.300000000;10;9473345389;B
20240129;100955;195.320000000;230;9473345390;B
20240129;100955;195.320000000;170;9473345391;B
20240129;100955;195.340000000;200;9473345392;B
20240129;100955;195.340000000;240;9473345393;B
20240129;100956;195.320000000;10;9473345497;S
20240129;100959;195.320000000;10;9473345809;S
20240129;101001;195.340000000;40;9473346100;B
20240129;101001;195.320000000;10;9473346111;S
20240129;101001;195.340000000;50;9473346238;B
20240129;101002;195.340000000;110;9473346359;B
20240129;101002;195.340000000;200;9473346360;B
20240129;101002;195.340000000;190;9473346361;B
20240129;101004;195.340000000;90;9473346913;B
20240129;101004;195.320000000;10;9473346981;S
20240129;101005;195.320000000;500;9473347019;B
20240129;101008;195.320000000;190;9473347742;B
20240129;101008;195.320000000;310;9473347743;B
20240129;101008;195.300000000;500;9473347824;S
20240129;101008;195.300000000;20;9473347825;S
20240129;101009;195.280000000;10;9473347994;S
20240129;101010;195.300000000;10;9473348180;B
20240129;101011;195.300000000;500;9473348309;B
20240129;101011;195.280000000;90;9473348391;S
20240129;101013;195.260000000;110;9473348625;S
20240129;101013;195.260000000;100;9473348662;S
20240129;101013;195.260000000;290;9473348787;S
20240129;101014;195.240000000;500;9473348844;B
20240129;101015;195.220000000;100;9473348943;S
20240129;101015;195.220000000;10;9473349014;B
20240129;101016;195.200000000;130;9473349098;S
20240129;101016;195.200000000;1370;9473349106;S
20240129;101016;195.180000000;190;9473349107;S
20240129;101016;195.160000000;10;9473349108;S
20240129;101016;195.160000000;10;9473349109;S
20240129;101016;195.120000000;370;9473349110;S
20240129;101016;195.100000000;20;9473349111;S
20240129;101016;195.080000000;30;9473349112;S
20240129;101016;195.100000000;770;9473349158;S
20240129;101016;195.080000000;1830;9473349159;S
20240129;101016;195.060000000;2400;9473349160;S
20240129;101016;195.080000000;400;9473349275;S
20240129;101017;195.080000000;120;9473349340;S
20240129;101017;195.060000000;130;9473349341;S
20240129;101017;195.100000000;500;9473349524;S
20240129;101017;195.080000000;20;9473349525;S
20240129;101017;195.060000000;2470;9473349526;S
20240129;101017;195.000000000;10;9473349527;S
20240129;101017;195.000000000;500;9473349528;S
20240129;101017;195.000000000;10;9473349529;S
20240129;101017;195.000000000;10;9473349530;S
20240129;101017;195.000000000;10;9473349531;S
20240129;101017;194.980000000;190;9473349532;S
20240129;101017;194.960000000;1580;9473349533;B
20240129;101018;194.960000000;60;9473349786;B
20240129;101021;195.080000000;20;9473350236;B
20240129;101025;195.000000000;70;9473350902;S
20240129;101028;195.000000000;50;9473351412;B
20240129;101033;195.000000000;30;9473352115;B
20240129;101033;195.000000000;470;9473352116;B
20240129;101034;195.000000000;60;9473352423;B
20240129;101036;194.980000000;10;9473352670;S
20240129;101036;194.940000000;10;9473352679;S
20240129;101036;194.940000000;10;9473352884;S
20240129;101037;195.000000000;10;9473353014;B
20240129;101039;195.000000000;50;9473353547;B
20240129;101045;194.980000000;10;9473354410;B
20240129;101057;194.960000000;10;9473356418;S
20240129;101101;194.960000000;10;9473357206;S
20240129;101101;194.980000000;10;9473357216;B
20240129;101102;194.960000000;10;9473357339;S
20240129;101105;194.960000000;50;9473358065;S
20240129;101105;194.940000000;80;9473358066;S
20240129;101106;194.980000000;10;9473358147;B
20240129;101113;194.940000000;10;9473359754;B
20240129;101115;194.940000000;90;9473360202;B
20240129;101115;194.940000000;30;9473360203;B
20240129;101115;194.980000000;190;9473360204;B
20240129;101117;194.940000000;10;9473360441;B
20240129;101118;194.940000000;10;9473360684;B
20240129;101119;194.940000000;100;9473360898;B
20240129;101121;194.940000000;660;9473361210;B
20240129;101121;194.960000000;2000;9473361211;B
20240129;101121;194.980000000;10;9473361212;B
20240129;101121;194.980000000;190;9473361213;B
20240129;101121;195.000000000;110;9473361214;B
20240129;101121;195.000000000;2270;9473361215;B
20240129;101124;194.980000000;10;9473361541;B
20240129;101128;194.980000000;10;9473362148;B
20240129;101128;195.000000000;70;9473362149;B
20240129;101128;194.960000000;50;9473362165;S
20240129;101134;195.000000000;160;9473362949;B
20240129;101134;195.000000000;10;9473362950;B
20240129;101134;195.000000000;230;9473362951;B
20240129;101144;195.000000000;70;9473364503;B
20240129;101144;195.000000000;100;9473364504;B
20240129;101144;195.000000000;190;9473364505;B
20240129;101144;195.040000000;240;9473364506;B
20240129;101148;195.040000000;500;9473364998;B
20240129;101150;195.040000000;10;9473365290;B
20240129;101152;195.040000000;100;9473365643;B
20240129;101206;195.060000000;20;9473368092;B
20240129;101213;195.040000000;10;9473369932;S
20240129;101214;195.060000000;20;9473370175;B
20240129;101217;195.040000000;10;9473370699;S
20240129;101217;195.000000000;10;9473370700;S
20240129;101217;194.980000000;10;9473370701;S
20240129;101217;194.980000000;10;9473370702;S
20240129;101223;195.000000000;60;9473371572;S
20240129;101228;194.960000000;10;9473372388;S
20240129;101230;194.960000000;40;9473372722;S
20240129;101230;194.980000000;50;9473372725;B
20240129;101230;194.960000000;10;9473372807;S
20240129;101232;194.960000000;10;9473373128;S
20240129;101234;194.960000000;10;9473373569;S
20240129;101234;194.980000000;300;9473373576;B
20240129;101236;194.960000000;10;9473373919;B
20240129;101237;194.960000000;20;9473373957;B
20240129;101237;194.980000000;30;9473373958;B
20240129;101237;194.960000000;40;9473373998;B
20240129;101237;194.980000000;70;9473373999;B
20240129;101238;194.980000000;10;9473374096;B
20240129;101241;194.940000000;10;9473374558;S
20240129;101242;194.980000000;20;9473374795;B
20240129;101250;194.980000000;100;9473376048;B
20240129;101252;194.980000000;10;9473376443;B
20240129;101254;194.880000000;100;9473376684;S
20240129;101254;194.880000000;10;9473376685;S
20240129;101300;194.980000000;20;9473377858;B
20240129;101304;194.980000000;500;9473378761;B
20240129;101306;194.920000000;80;9473379154;S
20240129;101313;194.920000000;10;9473380929;B
20240129;101314;194.900000000;50;9473381029;S
20240129;101314;194.880000000;200;9473381030;S
20240129;101314;194.880000000;10;9473381031;S
20240129;101314;194.880000000;150;9473381032;S
20240129;101316;194.920000000;20;9473381540;B
20240129;101316;194.980000000;10;9473381541;B
20240129;101316;194.980000000;40;9473381542;B
20240129;101316;194.980000000;120;9473381543;B
20240129;101317;194.980000000;10;9473381566;B
20240129;101317;194.900000000;20;9473381690;S
20240129;101326;194.980000000;10;9473383505;B
20240129;101329;194.840000000;10;9473383916;S
20240129;101333;194.980000000;500;9473384435;B
20240129;101343;194.980000000;10;9473386190;B
20240129;101347;194.980000000;20;9473386967;B
20240129;101347;194.880000000;10;9473387179;S
20240129;101347;194.880000000;10;9473387180;S
20240129;101347;194.860000000;10;9473387181;S
20240129;101347;194.860000000;20;9473387182;S
20240129;101347;194.860000000;10;9473387183;S
20240129;101347;194.860000000;10;9473387184;S
20240129;101347;194.860000000;390;9473387185;S
20240129;101347;194.840000000;190;9473387186;S
20240129;101347;194.840000000;190;9473387187;S
20240129;101347;194.820000000;850;9473387188;S
20240129;101347;194.800000000;300;9473387189;S
20240129;101347;194.800000000;2000;9473387190;S
20240129;101347;194.760000000;20;9473387191;S
20240129;101347;194.740000000;10;9473387192;S
20240129;101347;194.740000000;80;9473387193;S
20240129;101347;194.720000000;100;9473387194;S
20240129;101347;194.700000000;670;9473387195;S
20240129;101347;194.700000000;700;9473387196;S
20240129;101347;194.700000000;40;9473387197;B
20240129;101347;194.700000000;4240;9473387198;B
20240129;101349;194.700000000;180;9473387364;B
20240129;101350;194.700000000;10;9473387625;B
20240129;101352;194.680000000;100;9473387947;S
20240129;101353;194.700000000;1900;9473388028;B
20240129;101356;194.700000000;10;9473388630;B
20240129;101407;194.700000000;20;9473391108;B
20240129;101410;194.700000000;10;9473391597;B
20240129;101415;194.700000000;200;9473392341;B
20240129;101416;194.680000000;100;9473392408;S
20240129;101417;194.700000000;70;9473392558;B
20240129;101417;194.700000000;20;9473392648;B
20240129;101418;194.700000000;20;9473392714;B
20240129;101420;194.680000000;100;9473393018;S
20240129;101420;194.680000000;10;9473393019;S
20240129;101420;194.680000000;20;9473393020;S
20240129;101420;194.700000000;50;9473393022;B
20240129;101423;194.700000000;100;9473393377;B
20240129;101423;194.700000000;250;9473393421;B
20240129;101423;194.700000000;90;9473393422;B
20240129;101426;194.680000000;200;9473393773;S
20240129;101426;194.700000000;600;9473393774;B
20240129;101426;194.680000000;30;9473393825;S
20240129;101426;194.680000000;20;9473393826;S
20240129;101428;194.700000000;10;9473394068;B
20240129;101428;194.700000000;20;9473394178;B
20240129;101429;194.680000000;30;9473394225;S
20240129;101431;194.700000000;160;9473394592;B
20240129;101431;194.680000000;10;9473394700;S
20240129;101435;194.700000000;10;9473395242;B
20240129;101437;194.700000000;200;9473395496;B
20240129;101437;194.700000000;2510;9473395498;B
20240129;101437;194.700000000;10;9473395499;B
20240129;101438;194.700000000;10;9473395711;B
20240129;101443;194.780000000;10;9473396421;B
20240129;101443;194.760000000;30;9473396449;S
20240129;101444;194.820000000;150;9473396640;S
20240129;101444;194.800000000;500;9473396641;S
20240129;101444;194.780000000;410;9473396642;S
20240129;101444;194.720000000;520;9473396643;S
20240129;101444;194.720000000;780;9473396644;S
20240129;101444;194.700000000;200;9473396645;S
20240129;101444;194.700000000;440;9473396646;S
20240129;101445;194.860000000;10;9473396661;B
20240129;101449;194.780000000;20;9473397126;S
20240129;101450;194.780000000;300;9473397246;B
20240129;101451;194.780000000;100;9473397445;B
20240129;101455;194.780000000;400;9473397806;B
20240129;101455;194.780000000;400;9473397807;B
20240129;101455;194.780000000;200;9473397808;B
20240129;101455;194.720000000;240;9473397823;S
20240129;101458;194.720000000;500;9473398315;S
20240129;101504;194.720000000;480;9473399313;S
20240129;101506;194.780000000;60;9473399706;B
20240129;101508;194.780000000;330;9473399998;B
20240129;101508;194.760000000;130;9473399999;S
20240129;101513;194.780000000;10;9473400545;B
20240129;101513;194.760000000;10;9473400582;S
20240129;101514;194.760000000;10;9473400712;S
20240129;101516;194.780000000;100;9473400976;B
20240129;101519;194.780000000;30;9473401729;B
20240129;101520;194.780000000;10;9473401833;B
20240129;101531;194.720000000;10;9473403837;S
20240129;101532;194.760000000;10;9473404019;B
20240129;101541;194.720000000;20;9473405444;S
20240129;101542;194.760000000;250;9473405672;B
20240129;101542;194.760000000;1050;9473405673;B
20240129;101549;194.760000000;240;9473407070;B
20240129;101549;194.760000000;100;9473407071;B
20240129;101549;194.780000000;90;9473407072;B
20240129;101549;194.820000000;500;9473407073;B
20240129;101549;194.860000000;140;9473407074;B
20240129;101549;194.860000000;190;9473407075;B
20240129;101549;194.860000000;140;9473407076;B
20240129;101552;194.800000000;10;9473407527;B
20240129;101554;194.760000000;10;9473407969;S
20240129;101614;194.800000000;10;9473412536;B
20240129;101615;194.800000000;20;9473412745;B
20240129;101624;194.800000000;110;9473414487;B
20240129;101631;194.800000000;40;9473415904;B
20240129;101637;194.820000000;250;9473417253;S
20240129;101654;194.860000000;190;9473420524;B
20240129;101654;194.880000000;110;9473420525;B
20240129;101659;194.800000000;10;9473421424;S
20240129;101720;194.820000000;10;9473425990;S
20240129;101723;194.880000000;10;9473426536;B
20240129;101723;194.800000000;10;9473426588;S
20240129;101731;194.780000000;50;9473428320;S
20240129;101732;194.780000000;70;9473428379;S
20240129;101732;194.760000000;100;9473428380;S
20240129;101732;194.760000000;20;9473428381;S
20240129;101748;194.800000000;10;9473431666;S
20240129;101749;194.840000000;100;9473431822;B
20240129;101751;194.800000000;90;9473432295;S
20240129;101751;194.780000000;10;9473432386;B
20240129;101756;194.800000000;40;9473433140;B
20240129;101759;194.780000000;10;9473433731;B
20240129;101800;194.780000000;770;9473434014;B
20240129;101800;194.800000000;230;9473434015;B
20240129;101801;194.760000000;980;9473434367;S
20240129;101802;194.760000000;20;9473434468;B
20240129;101805;194.760000000;20;9473435144;B
20240129;101806;194.760000000;10;9473435274;B
20240129;101808;194.760000000;30;9473435760;B
20240129;101808;194.740000000;10;9473435766;S
20240129;101811;194.760000000;100;9473436157;B
20240129;101817;194.760000000;800;9473437179;B
20240129;101818;194.760000000;40;9473437487;B
20240129;101819;194.780000000;500;9473437674;B
20240129;101823;194.800000000;40;9473438157;B
20240129;101828;194.760000000;110;9473439308;S
20240129;101828;194.740000000;90;9473439309;S
20240129;101828;194.740000000;50;9473439310;S
20240129;101828;194.740000000;40;9473439311;S
20240129;101830;194.720000000;20;9473439776;S
20240129;101849;194.780000000;10;9473442786;B
20240129;101850;194.720000000;10;9473443023;S
20240129;101850;194.720000000;100;9473443024;S
20240129;101850;194.720000000;1070;9473443025;S
20240129;101851;194.720000000;10;9473443313;B
20240129;101853;194.720000000;100;9473443623;B
20240129;101854;194.720000000;10;9473443958;B
20240129;101856;194.700000000;10;9473444140;S
20240129;101856;194.700000000;150;9473444156;S
20240129;101857;194.700000000;10;9473444340;S
20240129;101858;194.700000000;10;9473444492;S
20240129;101859;194.700000000;10;9473444646;S
20240129;101900;194.700000000;10;9473444729;S
20240129;101901;194.700000000;2330;9473445067;S
20240129;101901;194.700000000;10;9473445069;S
20240129;101901;194.720000000;10;9473445134;B
20240129;101902;194.700000000;20;9473445136;S
20240129;101904;194.700000000;10;9473445836;S
20240129;101904;194.700000000;10;9473445837;S
20240129;101904;194.700000000;20;9473445838;S
20240129;101905;194.700000000;30;9473445975;S
20240129;101905;194.680000000;110;9473445976;S
20240129;101905;194.680000000;250;9473445987;S
20240129;101905;194.680000000;10;9473445988;S
20240129;101912;194.700000000;40;9473447293;B
20240129;101917;194.700000000;20;9473448077;B
20240129;101918;194.700000000;10;9473448135;B
20240129;101921;194.620000000;50;9473448622;S
20240129;101921;194.600000000;40;9473448623;S
20240129;101921;194.600000000;10;9473448624;S
20240129;101921;194.580000000;10;9473448625;S
20240129;101921;194.580000000;20;9473448626;S
20240129;101921;194.580000000;10;9473448627;S
20240129;101921;194.560000000;190;9473448628;S
20240129;101921;194.540000000;170;9473448629;S
20240129;101922;194.600000000;100;9473448926;B
20240129;101923;194.500000000;40;9473449027;S
20240129;101923;194.500000000;60;9473449028;S
20240129;101926;194.620000000;50;9473449537;B
20240129;101931;194.560000000;100;9473450217;S
20240129;101931;194.500000000;40;9473450218;S
20240129;101931;194.500000000;360;9473450219;S
20240129;101937;194.620000000;10;9473451031;B
20240129;101939;194.620000000;300;9473451266;B
20240129;101945;194.520000000;20;9473452045;S
20240129;101945;194.500000000;80;9473452046;S
20240129;101945;194.620000000;100;9473452115;B
20240129;101945;194.500000000;500;9473452162;S
20240129;101947;194.560000000;10;9473452328;B
20240129;101948;194.500000000;60;9473452478;S
20240129;101948;194.500000000;10;9473452479;S
20240129;101948;194.500000000;30;9473452480;S
20240129;101954;194.520000000;10;9473453374;S
20240129;101955;194.500000000;70;9473453486;S
20240129;101955;194.480000000;50;9473453505;S
20240129;101955;194.480000000;80;9473453506;S
20240129;101955;194.460000000;400;9473453507;S
20240129;101955;194.440000000;100;9473453508;S
20240129;101955;194.400000000;30;9473453509;S
20240129;101955;194.400000000;10;9473453510;S
20240129;101955;194.400000000;330;9473453511;S
20240129;101955;194.380000000;30;9473453512;S
20240129;101955;194.380000000;10;9473453513;S
20240129;101955;194.380000000;100;9473453514;S
20240129;101955;194.360000000;860;9473453515;S
20240129;102008;194.460000000;10;9473455064;B
20240129;102010;194.460000000;10;9473455318;B
20240129;102015;194.460000000;100;9473457523;B
20240129;102018;194.460000000;30;9473458642;B
20240129;102019;194.500000000;30;9473459017;B
20240129;102019;194.500000000;80;9473459018;B
20240129;102021;194.560000000;20;9473459371;B
20240129;102021;194.560000000;80;9473459372;B
20240129;102025;194.500000000;400;9473462026;S
20240129;102025;194.480000000;540;9473462027;S
20240129;102025;194.400000000;60;9473462028;S
20240129;102028;194.540000000;30;9473462852;B
20240129;102031;194.420000000;200;9473463255;S
20240129;102033;194.420000000;20;9473464869;S
20240129;102033;194.400000000;20;9473464870;S
20240129;102034;194.540000000;40;9473465026;B
20240129;102034;194.540000000;160;9473465027;B
20240129;102037;194.420000000;10;9473465379;S
20240129;102038;194.520000000;10;9473465394;B
20240129;102043;194.460000000;80;9473469751;B
20240129;102056;194.460000000;60;9473473277;B
20240129;102058;194.460000000;380;9473474308;B
20240129;102109;194.460000000;10;9473477326;S
20240129;102110;194.460000000;50;9473478078;S
20240129;102110;194.460000000;100;9473478426;S
20240129;102112;194.460000000;140;9473479005;S
20240129;102112;194.460000000;10;9473479006;S
20240129;102114;194.420000000;80;9473479760;S
20240129;102115;194.460000000;340;9473479859;B
20240129;102115;194.520000000;10;9473479860;B
20240129;102115;194.520000000;50;9473479861;B
20240129;102118;194.520000000;10;9473481102;B
20240129;102118;194.540000000;20;9473481103;B
20240129;102118;194.540000000;70;9473481104;B
20240129;102118;194.540000000;10;9473481109;B
20240129;102119;194.540000000;50;9473481218;B
20240129;102126;194.540000000;40;9473483737;B
20240129;102135;194.520000000;160;9473487137;S
20240129;102135;194.520000000;20;9473487138;S
20240129;102137;194.480000000;20;9473487616;B
20240129;102139;194.480000000;10;9473488969;B
20240129;102139;194.480000000;20;9473489089;B
20240129;102139;194.480000000;510;9473489090;B
20240129;102139;194.500000000;820;9473489091;B
20240129;102139;194.520000000;80;9473489092;B
20240129;102139;194.520000000;500;9473489093;B
20240129;102139;194.560000000;230;9473489094;B
20240129;102139;194.580000000;700;9473489095;B
20240129;102139;194.600000000;1860;9473489096;B
20240129;102139;194.620000000;1280;9473489097;B
20240129;102139;194.640000000;100;9473489098;B
20240129;102155;194.520000000;20;9473494530;S
20240129;102155;194.520000000;180;9473494531;S
20240129;102202;194.600000000;20;9473497756;B
20240129;102202;194.620000000;20;9473497757;B
20240129;102202;194.620000000;20;9473497758;B
20240129;102202;194.640000000;120;9473497759;B
20240129;102202;194.640000000;20;9473497760;B
20240129;102202;194.640000000;20;9473497761;B
20240129;102202;194.640000000;20;9473497762;B
20240129;102202;194.640000000;70;9473497763;B
20240129;102202;194.640000000;20;9473497764;B
20240129;102202;194.640000000;170;9473497765;B
20240129;102207;194.640000000;10;9473500197;B
20240129;102207;194.560000000;10;9473500247;B
20240129;102213;194.560000000;90;9473501879;B
20240129;102213;194.620000000;410;9473501880;B
20240129;102214;194.640000000;10;9473502051;B
20240129;102214;194.640000000;20;9473502052;B
20240129;102214;194.640000000;20;9473502053;B
20240129;102214;194.640000000;70;9473502054;B
20240129;102214;194.640000000;20;9473502055;B
20240129;102214;194.640000000;10;9473502056;B
20240129;102214;194.660000000;70;9473502057;B
20240129;102214;194.540000000;30;9473502066;S
20240129;102215;194.540000000;20;9473502213;S
20240129;102224;194.640000000;20;9473505237;B
20240129;102224;194.640000000;20;9473505238;B
20240129;102224;194.640000000;20;9473505239;B
20240129;102229;194.520000000;50;9473506654;S
20240129;102229;194.520000000;190;9473506655;S
20240129;102229;194.500000000;80;9473506656;S
20240129;102229;194.500000000;370;9473506657;S
20240129;102229;194.500000000;1860;9473506658;S
20240129;102229;194.480000000;500;9473506659;S
20240129;102229;194.460000000;700;9473506660;S
20240129;102229;194.440000000;1250;9473506661;S
20240129;102233;194.580000000;100;9473509077;B
20240129;102241;194.520000000;20;9473510652;S
20240129;102241;194.500000000;480;9473510653;S
20240129;102246;194.500000000;90;9473511490;S
20240129;102250;194.620000000;30;9473512202;B
20240129;102252;194.620000000;20;9473513505;B
20240129;102252;194.620000000;10;9473513506;B
20240129;102252;194.640000000;40;9473513507;B
20240129;102254;194.520000000;50;9473513759;S
20240129;102254;194.500000000;450;9473513760;S
20240129;102254;194.640000000;10;9473513791;B
20240129;102258;194.620000000;10;9473514843;B
20240129;102302;194.620000000;40;9473515428;B
20240129;102302;194.620000000;110;9473515429;B
20240129;102313;194.540000000;260;9473517566;S
20240129;102313;194.520000000;100;9473517567;S
20240129;102313;194.520000000;20;9473517568;S
20240129;102313;194.520000000;120;9473517569;S
20240129;102328;194.640000000;20;9473520537;B
20240129;102328;194.640000000;20;9473520538;B
20240129;102328;194.640000000;20;9473520539;B
20240129;102328;194.640000000;20;9473520540;B
20240129;102328;194.640000000;20;9473520541;B
20240129;102328;194.640000000;90;9473520542;B
20240129;102328;194.640000000;500;9473520543;B
20240129;102328;194.660000000;260;9473520544;B
20240129;102328;194.680000000;1860;9473520545;B
20240129;102328;194.680000000;80;9473520546;B
20240129;102328;194.700000000;740;9473520547;B
20240129;102328;194.700000000;1280;9473520548;B
20240129;102328;194.740000000;50;9473520549;B
20240129;102328;194.740000000;40;9473520550;B
20240129;102328;194.600000000;290;9473520600;S
20240129;102328;194.580000000;360;9473520601;S
20240129;102334;194.620000000;20;9473521938;S
20240129;102335;194.620000000;40;9473522101;S
20240129;102336;194.640000000;10;9473522224;B
20240129;102336;194.620000000;20;9473522298;S
20240129;102337;194.600000000;30;9473522443;S
20240129;102339;194.580000000;30;9473522878;S
20240129;102343;194.580000000;10;9473523548;S
20240129;102352;194.600000000;10;9473524954;S
20240129;102354;194.620000000;10;9473525275;B
20240129;102355;194.580000000;180;9473525476;S
20240129;102355;194.560000000;340;9473525477;S
20240129;102355;194.540000000;100;9473525478;S
20240129;102355;194.540000000;370;9473525479;S
20240129;102355;194.520000000;50;9473525480;S
20240129;102355;194.520000000;200;9473525481;S
20240129;102355;194.500000000;1760;9473525482;S
20240129;102356;194.600000000;20;9473525537;B
20240129;102409;194.600000000;40;9473527840;B
20240129;102409;194.620000000;10;9473527841;B
20240129;102410;194.620000000;10;9473527923;B
20240129;102411;194.560000000;20;9473528168;S
20240129;102411;194.540000000;310;9473528169;S
20240129;102413;194.620000000;100;9473528595;B
20240129;102414;194.620000000;30;9473528841;B
20240129;102418;194.620000000;10;9473529610;B
20240129;102424;194.600000000;20;9473530669;S
20240129;102424;194.600000000;20;9473530695;S
20240129;102429;194.620000000;10;9473531430;B
20240129;102436;194.620000000;10;9473532444;B
20240129;102436;194.620000000;10;9473532485;B
20240129;102445;194.600000000;110;9473533562;S
20240129;102445;194.540000000;130;9473533563;S
20240129;102445;194.520000000;360;9473533564;S
20240129;102445;194.500000000;1460;9473533565;S
20240129;102445;194.500000000;10;9473533566;S
20240129;102445;194.500000000;80;9473533567;S
20240129;102445;194.500000000;10;9473533568;S
20240129;102445;194.500000000;100;9473533569;S
20240129;102445;194.500000000;50;9473533570;S
20240129;102445;194.500000000;500;9473533571;S
20240129;102445;194.500000000;190;9473533572;S
20240129;102445;194.600000000;100;9473533633;B
20240129;102447;194.500000000;500;9473534074;S
20240129;102450;194.600000000;30;9473534665;B
20240129;102454;194.500000000;10;9473535404;S
20240129;102456;194.600000000;750;9473535744;B
20240129;102456;194.600000000;500;9473535745;B
20240129;102456;194.600000000;50;9473535746;B
20240129;102456;194.600000000;1000;9473535747;B
20240129;102456;194.620000000;200;9473535748;B
20240129;102456;194.620000000;80;9473535749;B
20240129;102456;194.640000000;60;9473535750;B
20240129;102456;194.640000000;20;9473535751;B
20240129;102456;194.640000000;20;9473535752;B
20240129;102456;194.640000000;20;9473535753;B
20240129;102456;194.640000000;20;9473535754;B
20240129;102456;194.640000000;150;9473535755;B
20240129;102456;194.640000000;190;9473535756;B
20240129;102456;194.660000000;660;9473535757;B
20240129;102456;194.680000000;100;9473535758;B
20240129;102456;194.700000000;20;9473535759;B
20240129;102456;194.700000000;10;9473535760;B
20240129;102456;194.700000000;1000;9473535761;B
20240129;102456;194.720000000;90;9473535762;B
20240129;102456;194.720000000;1280;9473535763;B
20240129;102456;194.720000000;70;9473535800;S
20240129;102456;194.720000000;20;9473535808;S
20240129;102456;194.720000000;20;9473535809;S
20240129;102456;194.720000000;20;9473535810;S
20240129;102456;194.720000000;20;9473535811;S
20240129;102456;194.720000000;70;9473535821;S
20240129;102456;194.720000000;20;9473535823;S
20240129;102456;194.720000000;20;9473535825;S
20240129;102456;194.720000000;20;9473535831;S
20240129;102456;194.720000000;20;9473535832;S
20240129;102456;194.720000000;70;9473535840;S
20240129;102456;194.720000000;20;9473535841;S
20240129;102456;194.720000000;10;9473535844;S
20240129;102456;194.720000000;10;9473535847;S
20240129;102456;194.720000000;20;9473535850;S
20240129;102457;194.720000000;70;9473535853;S
20240129;102457;194.720000000;20;9473535854;S
20240129;102457;194.720000000;70;9473535862;S
20240129;102457;194.720000000;60;9473535901;S
20240129;102457;194.720000000;40;9473535928;S
20240129;102502;194.720000000;10;9473537179;S
20240129;102506;194.740000000;20;9473537821;B
20240129;102506;194.760000000;80;9473537822;B
20240129;102509;194.740000000;20;9473538442;B
20240129;102509;194.760000000;40;9473538443;B
20240129;102509;194.760000000;340;9473538444;B
20240129;102538;194.720000000;500;9473543736;S
20240129;102539;194.740000000;20;9473544127;B
20240129;102539;194.760000000;30;9473544128;B
20240129;102541;194.740000000;10;9473544542;B
20240129;102542;194.720000000;270;9473544727;S
20240129;102545;194.720000000;40;9473545187;S
20240129;102545;194.720000000;500;9473545188;S
20240129;102548;194.760000000;60;9473545726;B
20240129;102554;194.740000000;10;9473553074;B
20240129;102557;194.740000000;10;9473564167;B
20240129;102601;194.720000000;20;9473564824;S
20240129;102603;194.740000000;10;9473565153;B
20240129;102603;194.760000000;10;9473565154;B
20240129;102605;194.740000000;30;9473565612;B
20240129;102605;194.760000000;70;9473565613;B
20240129;102607;194.760000000;10;9473566133;B
20240129;102611;194.720000000;280;9473566850;S
20240129;102612;194.720000000;10;9473566878;S
20240129;102617;194.760000000;60;9473567801;B
20240129;102617;194.720000000;200;9473567817;S
20240129;102623;194.720000000;1260;9473569000;S
20240129;102623;194.720000000;300;9473569001;S
20240129;102623;194.700000000;30;9473569002;S
20240129;102623;194.700000000;300;9473569003;S
20240129;102623;194.680000000;200;9473569004;S
20240129;102623;194.680000000;400;9473569005;S
20240129;102623;194.620000000;700;9473569006;S
20240129;102623;194.620000000;30;9473569007;S
20240129;102623;194.620000000;500;9473569008;S
20240129;102623;194.600000000;190;9473569009;S
20240129;102623;194.600000000;80;9473569010;S
20240129;102623;194.580000000;230;9473569011;S
20240129;102623;194.560000000;1860;9473569012;S
20240129;102623;194.540000000;2400;9473569013;S
20240129;102623;194.540000000;1280;9473569014;S
20240129;102623;194.500000000;720;9473569015;S
20240129;102623;194.640000000;10;9473569021;B
20240129;102629;194.580000000;20;9473570101;S
20240129;102630;194.560000000;10;9473570462;B
20240129;102640;194.580000000;10;9473572413;B
20240129;102641;194.500000000;1950;9473572666;S
20240129;102641;194.500000000;20;9473572667;S
20240129;102641;194.500000000;30;9473572668;S
20240129;102642;194.500000000;10;9473572826;S
20240129;102644;194.500000000;2000;9473573465;S
20240129;102645;194.500000000;10;9473573671;S
20240129;102657;194.500000000;20;9473575984;S
20240129;102701;194.500000000;3570;9473576648;S
20240129;102701;194.500000000;150;9473576649;S
20240129;102703;194.500000000;2000;9473577059;S
20240129;102706;194.620000000;50;9473577503;B
20240129;102710;194.600000000;30;9473578241;B
20240129;102716;194.600000000;10;9473589302;S
20240129;102729;194.580000000;10;9473591666;B
20240129;102730;194.580000000;50;9473591702;B
20240129;102730;194.600000000;450;9473591703;B
20240129;102730;194.520000000;30;9473591874;S
20240129;102733;194.600000000;10;9473592339;B
20240129;102737;194.600000000;10;9473594737;B
20240129;102740;194.600000000;40;9473596777;B
20240129;102742;194.520000000;50;9473597215;S
20240129;102742;194.500000000;450;9473597216;S
20240129;102748;194.500000000;10;9473600555;S
20240129;102749;194.540000000;50;9473600731;B
20240129;102750;194.500000000;10;9473600946;S
20240129;102751;194.500000000;30;9473601510;S
20240129;102800;194.500000000;120;9473604148;S
20240129;102804;194.560000000;100;9473606625;B
20240129;102809;194.580000000;780;9473607670;B
20240129;102810;194.580000000;130;9473607682;S
20240129;102810;194.600000000;90;9473607719;B
20240129;102810;194.600000000;50;9473607720;B
20240129;102810;194.600000000;20;9473607721;B
20240129;102814;194.600000000;10;9473608367;B
20240129;102815;194.580000000;130;9473608662;S
20240129;102819;194.580000000;90;9473609321;S
20240129;102822;194.580000000;100;9473609784;S
20240129;102828;194.580000000;10;9473610645;S
20240129;102829;194.580000000;50;9473610881;S
20240129;102830;194.600000000;10;9473610980;B
20240129;102836;194.600000000;160;9473612039;B
20240129;102836;194.620000000;130;9473612040;B
20240129;102836;194.620000000;10;9473612041;B
20240129;102836;194.600000000;140;9473612043;S
20240129;102842;194.620000000;100;9473613137;S
20240129;102847;194.600000000;770;9473614384;S
20240129;102912;194.660000000;20;9473620050;S
20240129;102913;194.660000000;80;9473620255;S
20240129;102913;194.640000000;220;9473620256;S
20240129;102920;194.700000000;40;9473621293;B
20240129;102921;194.640000000;100;9473621538;S
20240129;102934;194.640000000;20;9473623482;S
20240129;102935;194.660000000;40;9473623620;B
20240129;102935;194.680000000;30;9473623621;B
20240129;102939;194.640000000;310;9473624370;S
20240129;102939;194.620000000;40;9473624371;S
20240129;102939;194.620000000;990;9473624372;S
20240129;102939;194.600000000;100;9473624373;S
20240129;102939;194.600000000;430;9473624374;S
20240129;102939;194.580000000;1340;9473624375;S
20240129;102939;194.580000000;40;9473624376;S
20240129;102939;194.580000000;10;9473624377;S
20240129;102939;194.580000000;240;9473624378;S
20240129;102939;194.540000000;40;9473624379;S
20240129;102939;194.540000000;190;9473624380;S
20240129;102939;194.540000000;500;9473624381;S
20240129;102939;194.500000000;770;9473624382;S
20240129;102953;194.540000000;40;9473626619;S
20240129;102953;194.520000000;60;9473626620;S
20240129;103022;194.600000000;10;9473642047;B
20240129;103023;194.600000000;10;9473642148;B
20240129;103023;194.520000000;40;9473642206;S
20240129;103023;194.500000000;460;9473642207;S
20240129;103025;194.500000000;280;9473642440;S
20240129;103112;194.500000000;20;9473651404;S
20240129;103115;194.540000000;10;9473651783;B
20240129;103130;194.540000000;10;9473654358;B
20240129;103132;194.500000000;30;9473654913;S
20240129;103133;194.540000000;10;9473655167;B
20240129;103133;194.560000000;30;9473655168;B
20240129;103133;194.560000000;10;9473655319;B
20240129;103133;194.560000000;10;9473655320;B
20240129;103134;194.560000000;10;9473655448;B
20240129;103141;194.520000000;10;9473656607;S
20240129;103143;194.520000000;20;9473657027;S
20240129;103143;194.500000000;10;9473657028;S
20240129;103149;194.520000000;10;9473658355;B
20240129;103150;194.500000000;10;9473658618;S
20240129;103150;194.500000000;10;9473658684;S
20240129;103156;194.580000000;10;9473659661;B
20240129;103157;194.580000000;10;9473660114;B
20240129;103202;194.580000000;10;9473661123;B
20240129;103213;194.500000000;760;9473663056;S
20240129;103213;194.500000000;10;9473663057;S
20240129;103213;194.500000000;30;9473663058;S
20240129;103213;194.500000000;250;9473663059;S
20240129;103236;194.520000000;10;9473667442;S
20240129;103244;194.520000000;20;9473668406;S
20240129;103244;194.520000000;80;9473668407;S
20240129;103257;194.580000000;10;9473670135;B
20240129;103259;194.580000000;90;9473670439;B
20240129;103259;194.600000000;10;9473670440;B
20240129;103303;194.520000000;2000;9473670970;S
20240129;103313;194.580000000;10;9473672246;B
20240129;103317;194.560000000;10;9473672718;B
20240129;103317;194.560000000;10;9473672719;B
20240129;103317;194.560000000;10;9473672720;B
20240129;103317;194.560000000;10;9473672721;B
20240129;103317;194.580000000;30;9473672722;B
20240129;103317;194.600000000;10;9473672723;B
20240129;103317;194.600000000;40;9473672724;B
20240129;103317;194.600000000;30;9473672725;B
20240129;103319;194.540000000;20;9473672954;S
20240129;103328;194.600000000;10;9473674033;B
20240129;103330;194.600000000;40;9473674229;B
20240129;103330;194.620000000;60;9473674230;B
20240129;103332;194.620000000;10;9473674536;B
20240129;103340;194.620000000;10;9473675737;B
20240129;103353;194.620000000;50;9473677210;B
20240129;103357;194.620000000;100;9473677702;B
20240129;103357;194.620000000;50;9473677749;B
20240129;103400;194.620000000;100;9473678238;B
20240129;103404;194.620000000;20;9473678601;B
20240129;103410;194.560000000;60;9473679299;S
20240129;103410;194.560000000;20;9473679300;S
20240129;103412;194.560000000;50;9473679561;S
20240129;103416;194.620000000;300;9473679970;B
20240129;103436;194.620000000;300;9473682860;B
20240129;103436;194.620000000;20;9473682861;B
20240129;103436;194.620000000;40;9473682862;B
20240129;103445;194.620000000;50;9473683969;B
20240129;103450;194.620000000;10;9473685136;S
20240129;103500;194.620000000;10;9473686926;S
20240129;103506;194.580000000;100;9473688137;S
20240129;103506;194.560000000;200;9473688138;S
20240129;103506;194.540000000;20;9473688139;S
20240129;103506;194.520000000;50;9473688140;S
20240129;103506;194.520000000;30;9473688141;S
20240129;103511;194.600000000;10;9473689005;B
20240129;103519;194.520000000;20;9473690300;S
20240129;103519;194.500000000;80;9473690301;S
20240129;103520;194.580000000;10;9473690528;B
20240129;103526;194.560000000;10;9473691433;B
20240129;103530;194.520000000;10;9473691979;S
20240129;103539;194.560000000;90;9473692854;B
20240129;103542;194.560000000;10;9473693235;B
20240129;103550;194.520000000;10;9473694089;S
20240129;103600;194.500000000;10;9473695833;S
20240129;103607;194.520000000;10;9473697113;B
20240129;103611;194.520000000;10;9473697803;B
20240129;103611;194.500000000;20;9473697807;S
20240129;103625;194.500000000;10;9473700822;S
20240129;103626;194.520000000;10;9473700961;B
20240129;103638;194.520000000;10;9473702510;B
20240129;103641;194.500000000;630;9473702890;S
20240129;103641;194.500000000;10;9473702891;S
20240129;103641;194.500000000;100;9473702892;S
20240129;103641;194.500000000;10;9473702893;S
20240129;103641;194.500000000;10;9473702894;S
20240129;103641;194.500000000;100;9473702895;S
20240129;103641;194.500000000;10;9473702896;S
20240129;103641;194.500000000;130;9473702897;S
20240129;103642;194.520000000;20;9473703082;B
20240129;103645;194.500000000;90;9473703453;S
20240129;103654;194.500000000;10;9473704776;S
20240129;103656;194.500000000;100;9473704983;S
20240129;103706;194.520000000;10;9473707005;B
20240129;103709;194.520000000;10;9473707523;B
20240129;103710;194.500000000;10;9473707835;S
20240129;103713;194.520000000;10;9473708546;B
20240129;103715;194.520000000;300;9473708780;B
20240129;103716;194.520000000;20;9473708920;B
20240129;103727;194.500000000;90;9473711135;S
20240129;103738;194.520000000;80;9473713102;B
20240129;103751;194.520000000;10;9473715939;B
20240129;103751;194.520000000;20;9473715940;B
20240129;103814;194.560000000;10;9473720491;B
20240129;103820;194.560000000;10;9473721282;B
20240129;103821;194.560000000;10;9473721377;B
20240129;103827;194.520000000;30;9473722822;S
20240129;103838;194.560000000;10;9473724793;B
20240129;103844;194.560000000;100;9473725425;B
20240129;103846;194.560000000;430;9473725622;B
20240129;103855;194.580000000;20;9473726951;S
20240129;103859;194.600000000;10;9473727444;B
20240129;103901;194.600000000;20;9473727750;B
20240129;103902;194.600000000;20;9473727791;B
20240129;103908;194.600000000;20;9473728380;S
20240129;103908;194.580000000;20;9473728381;S
20240129;103908;194.560000000;10;9473728382;S
20240129;103939;194.620000000;70;9473733389;B
20240129;103940;194.600000000;20;9473733455;S
20240129;103943;194.600000000;20;9473733784;B
20240129;103943;194.620000000;10;9473733823;B
20240129;103948;194.620000000;10;9473734587;B
20240129;103953;194.620000000;10;9473735558;B
20240129;103959;194.600000000;20;9473737027;S
20240129;103959;194.580000000;20;9473737028;S
20240129;103959;194.580000000;340;9473737029;B
20240129;104008;194.600000000;10;9473739149;B
20240129;104018;194.600000000;40;9473741088;B
20240129;104022;194.580000000;20;9473742144;S
20240129;104028;194.620000000;10;9473743238;B
20240129;104028;194.620000000;630;9473743239;B
20240129;104046;194.620000000;50;9473746989;B
20240129;104050;194.620000000;50;9473747822;B
20240129;104053;194.620000000;20;9473748519;B
20240129;104059;194.620000000;60;9473749724;B
20240129;104111;194.620000000;620;9473752491;B
20240129;104113;194.600000000;10;9473752738;S
20240129;104113;194.600000000;10;9473752818;B
20240129;104113;194.620000000;110;9473752819;B
20240129;104114;194.580000000;20;9473753104;S
20240129;104114;194.580000000;10;9473753105;S
20240129;104114;194.580000000;10;9473753106;S
20240129;104115;194.580000000;300;9473753206;S
20240129;104116;194.560000000;10;9473753442;S
20240129;104122;194.620000000;10;9473754608;B
20240129;104126;194.600000000;10;9473755449;S
20240129;104126;194.600000000;10;9473755450;S
20240129;104135;194.640000000;10;9473757193;B
20240129;104159;194.600000000;20;9473761207;S
20240129;104159;194.600000000;10;9473761208;S
20240129;104159;194.580000000;10;9473761209;S
20240129;104215;194.640000000;60;9473764087;B
20240129;104215;194.640000000;120;9473764109;B
20240129;104215;194.640000000;20;9473764110;B
20240129;104215;194.640000000;40;9473764111;B
20240129;104215;194.640000000;50;9473764112;B
20240129;104215;194.640000000;20;9473764113;B
20240129;104215;194.640000000;40;9473764114;B
20240129;104215;194.660000000;10;9473764115;B
20240129;104215;194.660000000;100;9473764116;B
20240129;104215;194.660000000;80;9473764117;B
20240129;104215;194.680000000;1860;9473764118;B
20240129;104215;194.700000000;2660;9473764119;B
20240129;104219;194.640000000;20;9473764609;B
20240129;104219;194.700000000;70;9473764610;B
20240129;104219;194.640000000;20;9473764615;S
20240129;104219;194.640000000;20;9473764640;S
20240129;104219;194.640000000;20;9473764649;S
20240129;104219;194.640000000;20;9473764657;S
20240129;104220;194.640000000;20;9473764665;S
20240129;104220;194.640000000;20;9473764677;S
20240129;104220;194.640000000;10;9473764701;S
20240129;104220;194.620000000;10;9473764812;S
20240129;104221;194.640000000;10;9473764848;B
20240129;104228;194.640000000;20;9473765771;B
20240129;104230;194.620000000;70;9473765972;S
20240129;104231;194.700000000;10;9473766118;B
20240129;104245;194.700000000;10;9473768548;B
20240129;104304;194.700000000;300;9473772639;B
20240129;104304;194.700000000;110;9473772640;B
20240129;104306;194.700000000;40;9473773010;B
20240129;104306;194.700000000;500;9473773058;B
20240129;104308;194.700000000;300;9473773442;B
20240129;104308;194.700000000;1700;9473773443;B
20240129;104313;194.700000000;10;9473774451;B
20240129;104313;194.680000000;30;9473774466;S
20240129;104313;194.680000000;10;9473774477;S
20240129;104326;194.660000000;40;9473777292;S
20240129;104326;194.640000000;10;9473777293;S
20240129;104326;194.640000000;10;9473777294;S
20240129;104326;194.620000000;40;9473777295;S
20240129;104327;194.680000000;90;9473777541;B
20240129;104339;194.680000000;10;9473779803;B
20240129;104353;194.620000000;10;9473782083;S
20240129;104359;194.600000000;50;9473782850;S
20240129;104359;194.600000000;50;9473782851;S
20240129;104410;194.680000000;20;9473784351;B
20240129;104410;194.620000000;50;9473784422;S
20240129;104410;194.600000000;100;9473784423;S
20240129;104413;194.680000000;60;9473784690;B
20240129;104417;194.600000000;150;9473785110;S
20240129;104419;194.600000000;110;9473785426;S
20240129;104426;194.600000000;100;9473786143;S
20240129;104430;194.600000000;1000;9473786603;S
20240129;104433;194.600000000;40;9473787145;S
20240129;104443;194.600000000;10;9473788225;S
20240129;104447;194.600000000;30;9473788733;S
20240129;104452;194.600000000;10;9473789507;S
20240129;104453;194.660000000;10;9473789711;B
20240129;104456;194.600000000;90;9473790272;S
20240129;104459;194.660000000;10;9473790745;B
20240129;104501;194.600000000;100;9473791125;S
20240129;104504;194.660000000;10;9473791634;B
20240129;104506;194.660000000;50;9473792068;B
20240129;104530;194.660000000;20;9473795685;B
20240129;104541;194.660000000;260;9473797709;B
20240129;104543;194.660000000;100;9473798200;S
20240129;104548;194.680000000;10;9473799162;B
20240129;104603;194.660000000;40;9473801419;S
20240129;104606;194.660000000;50;9473801878;S
20240129;104609;194.660000000;40;9473802247;S
20240129;104610;194.680000000;10;9473802318;B
20240129;104617;194.680000000;850;9473803716;B
20240129;104617;194.660000000;90;9473803819;S
20240129;104626;194.680000000;200;9473805968;B
20240129;104637;194.680000000;10;9473808100;B
20240129;104653;194.680000000;1740;9473811037;B
20240129;104653;194.680000000;10;9473811038;B
20240129;104653;194.680000000;300;9473811039;B
20240129;104701;194.680000000;10;9473812472;B
20240129;104706;194.680000000;10;9473813463;B
20240129;104709;194.680000000;10;9473813902;B
20240129;104727;194.680000000;10;9473816832;B
20240129;104727;194.660000000;40;9473816863;S
20240129;104736;194.680000000;10;9473818040;B
20240129;104738;194.680000000;10;9473818392;B
20240129;104742;194.660000000;80;9473818874;S
20240129;104742;194.660000000;20;9473818875;S
20240129;104744;194.680000000;240;9473819117;B
20240129;104747;194.700000000;10;9473819533;B
20240129;104748;194.700000000;110;9473819736;B
20240129;104758;194.680000000;10;9473821600;S
20240129;104759;194.700000000;10;9473821810;B
20240129;104801;194.700000000;210;9473822253;B
20240129;104801;194.680000000;40;9473822345;S
20240129;104806;194.680000000;10;9473823168;S
20240129;104808;194.700000000;950;9473823506;B
20240129;104808;194.700000000;60;9473823507;B
20240129;104808;194.740000000;580;9473823603;B
20240129;104808;194.740000000;190;9473823604;B
20240129;104808;194.740000000;80;9473823605;B
20240129;104808;194.760000000;170;9473823606;B
20240129;104808;194.800000000;10;9473823607;B
20240129;104808;194.800000000;60;9473823608;B
20240129;104808;194.800000000;10;9473823609;B
20240129;104808;194.820000000;300;9473823610;B
20240129;104808;194.820000000;30;9473823611;B
20240129;104808;194.820000000;500;9473823612;B
20240129;104808;194.840000000;70;9473823613;B
20240129;104808;194.840000000;30;9473823626;B
20240129;104808;194.880000000;650;9473823627;B
20240129;104814;194.760000000;40;9473824765;S
20240129;104814;194.760000000;40;9473824766;S
20240129;104814;194.740000000;190;9473824767;S
20240129;104814;194.720000000;230;9473824768;S
20240129;104825;194.860000000;40;9473826897;B
20240129;104834;194.860000000;40;9473828878;B
20240129;104834;194.880000000;10;9473828879;B
20240129;104834;194.760000000;10;9473828915;S
20240129;104835;194.760000000;20;9473829112;S
20240129;104849;194.780000000;20;9473831309;S
20240129;104910;194.780000000;30;9473834826;S
20240129;104910;194.780000000;10;9473834827;S
20240129;104920;194.880000000;20;9473836432;B
20240129;104921;194.800000000;800;9473836655;S
20240129;104932;194.860000000;40;9473838512;S
20240129;104937;194.880000000;10;9473839256;B
20240129;104937;194.900000000;120;9473839257;B
20240129;104937;194.900000000;500;9473839271;B
20240129;104941;194.900000000;10;9473839873;B
20240129;104942;194.880000000;30;9473840141;S
20240129;104944;194.900000000;370;9473840399;B
20240129;104944;194.900000000;130;9473840400;B
20240129;104944;194.900000000;500;9473840401;B
20240129;104944;194.900000000;200;9473840402;B
20240129;104945;194.880000000;20;9473840666;S
20240129;104945;194.880000000;2980;9473840667;S
20240129;104946;194.860000000;10;9473840747;S
20240129;104957;194.900000000;150;9473842440;B
20240129;105011;194.900000000;100;9473844102;B
20240129;105013;194.900000000;10;9473844417;B
20240129;105020;194.880000000;30;9473845233;S
20240129;105020;194.900000000;10;9473845274;B
20240129;105021;194.900000000;50;9473845475;B
20240129;105022;194.900000000;50;9473845570;B
20240129;105023;194.900000000;50;9473845689;B
20240129;105024;194.880000000;20;9473845738;S
20240129;105024;194.880000000;50;9473845739;S
20240129;105024;194.880000000;180;9473845740;S
20240129;105026;194.900000000;500;9473846002;B
20240129;105030;194.860000000;10;9473846352;S
20240129;105030;194.900000000;150;9473846463;B
20240129;105030;194.900000000;250;9473846464;B
20240129;105030;194.900000000;130;9473846465;B
20240129;105030;194.900000000;20;9473846466;B
20240129;105030;194.920000000;180;9473846467;B
20240129;105030;194.940000000;210;9473846468;B
20240129;105031;194.880000000;30;9473846488;S
20240129;105032;194.940000000;10;9473846663;B
20240129;105032;194.940000000;10;9473846721;B
20240129;105034;194.940000000;60;9473846926;B
20240129;105034;194.980000000;250;9473846927;B
20240129;105034;194.980000000;10;9473846928;B
20240129;105034;194.980000000;200;9473846929;B
20240129;105034;194.980000000;1040;9473846930;B
20240129;105034;194.980000000;420;9473846931;B
20240129;105034;194.980000000;20;9473846932;B
20240129;105034;195.000000000;1000;9473846933;B
20240129;105034;195.000000000;20;9473846934;B
20240129;105034;195.000000000;50;9473846935;B
20240129;105034;195.000000000;20;9473846936;B
20240129;105034;195.000000000;20;9473846937;B
20240129;105034;195.000000000;10;9473846938;B
20240129;105034;195.000000000;10;9473846939;B
20240129;105034;195.000000000;30;9473846940;B
20240129;105034;195.000000000;100;9473846941;B
20240129;105034;195.000000000;20;9473846942;B
20240129;105034;195.000000000;910;9473846943;B
20240129;105034;195.000000000;810;9473846944;B
20240129;105036;195.000000000;20;9473847176;B
20240129;105036;195.000000000;30;9473847177;B
20240129;105037;195.000000000;50;9473847253;B
20240129;105037;194.960000000;10;9473847274;B
20240129;105038;195.000000000;50;9473847304;B
20240129;105039;194.920000000;50;9473847492;S
20240129;105039;194.920000000;50;9473847493;S
20240129;105039;195.000000000;50;9473847513;B
20240129;105040;195.000000000;50;9473847644;B
20240129;105040;194.940000000;20;9473847776;S
20240129;105040;194.940000000;40;9473847777;S
20240129;105041;195.000000000;20;9473847876;B
20240129;105041;195.000000000;30;9473847877;B
20240129;105048;194.980000000;80;9473849052;B
20240129;105049;194.980000000;40;9473849250;B
20240129;105052;195.000000000;20;9473849647;B
20240129;105101;194.980000000;40;9473850781;B
20240129;105101;195.000000000;10;9473850809;B
20240129;105110;194.900000000;10;9473851948;S
20240129;105110;194.900000000;50;9473851949;S
20240129;105119;194.920000000;10;9473852823;S
20240129;105119;194.900000000;90;9473852824;S
20240129;105122;194.920000000;10;9473853060;S
20240129;105122;194.900000000;50;9473853061;S
20240129;105124;194.960000000;10;9473853176;B
20240129;105139;194.940000000;100;9473854692;S
20240129;105156;194.980000000;10;9473857041;B
20240129;105156;194.980000000;140;9473857042;B
20240129;105156;194.980000000;30;9473857086;B
20240129;105205;194.960000000;20;9473857900;B
20240129;105206;194.960000000;30;9473857983;S
20240129;105206;194.980000000;10;9473858009;B
20240129;105207;194.980000000;220;9473858115;B
20240129;105207;194.980000000;20;9473858116;B
20240129;105207;195.000000000;240;9473858117;B
20240129;105207;195.000000000;100;9473858118;B
20240129;105213;194.960000000;10;9473859290;S
20240129;105215;194.980000000;20;9473859526;B
20240129;105215;194.980000000;40;9473859527;B
20240129;105215;194.980000000;140;9473859529;S
20240129;105215;194.980000000;10;9473859574;B
20240129;105218;194.960000000;140;9473859998;S
20240129;105218;194.960000000;10;9473859999;S
20240129;105218;194.960000000;30;9473860000;S
20240129;105221;194.940000000;100;9473860279;S
20240129;105224;194.940000000;30;9473860631;S
20240129;105225;194.940000000;10;9473860740;S
20240129;105225;194.960000000;50;9473860752;B
20240129;105230;194.960000000;120;9473861204;B
20240129;105236;194.960000000;620;9473861990;S
20240129;105236;194.960000000;200;9473861991;S
20240129;105236;194.940000000;60;9473861992;S
20240129;105236;194.940000000;200;9473861993;S
20240129;105236;194.940000000;3780;9473861994;S
20240129;105251;194.920000000;100;9473863433;S
20240129;105258;194.960000000;130;9473864244;B
20240129;105259;194.960000000;10;9473864300;B
20240129;105259;194.960000000;40;9473864301;B
20240129;105303;194.960000000;60;9473864597;B
20240129;105303;194.960000000;40;9473864598;B
20240129;105305;194.940000000;380;9473864795;S
20240129;105314;194.960000000;30;9473865469;B
20240129;105316;194.960000000;10;9473865746;B
20240129;105316;194.960000000;30;9473865747;B
20240129;105329;194.960000000;30;9473867117;B
20240129;105330;194.960000000;30;9473867245;B
20240129;105334;194.960000000;10;9473867532;B
20240129;105334;194.960000000;20;9473867533;B
20240129;105339;194.980000000;200;9473867982;B
20240129;105346;194.940000000;100;9473868849;S
20240129;105406;195.000000000;150;9473870851;B
20240129;105409;195.000000000;20;9473871138;B
20240129;105415;195.000000000;10;9473871953;B
20240129;105416;194.980000000;50;9473872150;B
20240129;105416;195.000000000;10;9473872151;B
20240129;105417;195.000000000;10;9473872158;B
20240129;105421;195.000000000;30;9473872480;B
20240129;105421;195.000000000;50;9473872481;B
20240129;105421;195.000000000;40;9473872482;B
20240129;105421;195.000000000;50;9473872483;B
20240129;105421;195.000000000;80;9473872484;B
20240129;105421;195.000000000;20;9473872485;B
20240129;105421;195.000000000;20;9473872486;B
20240129;105421;195.000000000;260;9473872487;B
20240129;105422;195.000000000;100;9473872697;B
20240129;105431;195.000000000;140;9473873483;B
20240129;105433;194.960000000;40;9473873754;S
20240129;105433;194.940000000;20;9473873755;S
20240129;105433;195.000000000;40;9473873759;B
20240129;105436;195.000000000;80;9473874033;B
20240129;105525;195.000000000;10;9473878951;B
20240129;105526;194.940000000;10;9473879018;S
20240129;105536;194.940000000;390;9473879858;S
20240129;105536;194.940000000;50;9473879859;S
20240129;105536;194.940000000;580;9473879860;S
20240129;105536;194.940000000;10;9473879861;S
20240129;105536;194.940000000;10;9473879862;S
20240129;105536;194.940000000;250;9473879863;S
20240129;105542;194.920000000;100;9473880329;S
20240129;105542;194.940000000;100;9473880374;B
20240129;105544;194.920000000;100;9473880489;S
20240129;105546;194.940000000;500;9473880657;B
20240129;105547;194.920000000;20;9473880912;S
20240129;105549;194.940000000;10;9473880989;B
20240129;105558;194.920000000;10;9473881896;S
20240129;105603;194.940000000;20;9473882277;B
20240129;105609;194.940000000;10;9473882887;B
20240129;105610;194.940000000;10;9473882919;B
20240129;105611;194.940000000;30;9473883028;B
20240129;105611;194.940000000;50;9473883034;B
20240129;105612;194.940000000;40;9473883155;B
20240129;105613;194.920000000;500;9473883194;S
20240129;105619;194.940000000;10;9473883660;B
20240129;105625;194.940000000;20;9473884382;B
20240129;105632;194.920000000;680;9473885340;S
20240129;105632;194.920000000;200;9473885341;S
20240129;105632;194.920000000;30;9473885342;S
20240129;105632;194.920000000;90;9473885343;S
20240129;105633;194.920000000;100;9473885388;S
20240129;105634;194.920000000;30;9473885520;S
20240129;105635;194.920000000;50;9473885653;S
20240129;105635;194.900000000;10;9473885665;S
20240129;105638;194.920000000;480;9473885876;B
20240129;105654;194.900000000;50;9473887527;S
20240129;105659;194.920000000;10;9473887946;B
20240129;105700;194.920000000;40;9473888114;B
20240129;105701;194.920000000;100;9473888216;B
20240129;105702;194.900000000;140;9473888265;S
20240129;105702;194.900000000;160;9473888266;S
20240129;105702;194.900000000;10;9473888375;S
20240129;105709;194.900000000;40;9473889072;S
20240129;105709;194.920000000;10;9473889074;B
20240129;105711;194.900000000;10;9473889168;S
20240129;105712;194.900000000;1000;9473889254;S
20240129;105719;194.900000000;1000;9473889909;S
20240129;105733;194.920000000;10;9473891194;B
20240129;105745;194.920000000;10;9473892851;B
20240129;105748;194.920000000;10;9473893180;B
20240129;105749;194.920000000;40;9473893365;B
20240129;105750;194.900000000;10;9473893762;S
20240129;105753;194.900000000;240;9473894030;S
20240129;105754;194.920000000;10;9473894218;B
20240129;105758;194.900000000;100;9473894791;S
20240129;105802;194.920000000;10;9473895052;B
20240129;105805;194.920000000;700;9473895256;B
20240129;105805;194.920000000;100;9473895257;B
20240129;105805;194.920000000;780;9473895258;B
20240129;105805;194.920000000;40;9473895259;B
20240129;105805;194.920000000;40;9473895260;B
20240129;105805;194.920000000;50;9473895261;B
20240129;105805;194.920000000;200;9473895262;B
20240129;105805;194.920000000;110;9473895263;B
20240129;105805;194.940000000;540;9473895264;B
20240129;105807;194.900000000;60;9473895444;S
20240129;105816;194.920000000;10;9473896183;B
20240129;105821;194.900000000;40;9473897726;S
20240129;105832;194.900000000;100;9473899023;S
20240129;105833;194.940000000;10;9473899134;B
20240129;105842;194.920000000;10;9473900061;B
20240129;105843;194.920000000;20;9473900115;B
20240129;105843;194.920000000;50;9473900116;B
20240129;105846;194.900000000;100;9473900441;S
20240129;105854;194.920000000;10;9473901158;B
20240129;105859;194.900000000;200;9473901568;S
20240129;105901;194.920000000;140;9473901723;B
20240129;105901;194.920000000;50;9473901780;B
20240129;105909;194.920000000;10;9473902477;B
20240129;105910;194.900000000;100;9473902564;S
20240129;105911;194.920000000;60;9473902656;B
20240129;105915;194.900000000;310;9473903048;S
20240129;105916;194.900000000;2520;9473903102;S
20240129;105916;194.900000000;50;9473903103;S
20240129;105916;194.900000000;2000;9473903104;S
20240129;105916;194.900000000;200;9473903105;S
20240129;105916;194.900000000;200;9473903106;S
20240129;105916;194.880000000;2030;9473903107;S
20240129;105920;194.860000000;20;9473903426;S
20240129;105927;194.900000000;30;9473904215;B
20240129;105941;194.920000000;180;9473905577;B
20240129;105941;194.920000000;60;9473905578;B
20240129;105941;194.920000000;790;9473905579;B
20240129;105941;194.940000000;250;9473905580;B
20240129;105949;194.900000000;10;9473906795;B
20240129;105949;194.920000000;30;9473906796;B
20240129;105955;194.920000000;20;9473907318;B
20240129;110001;194.940000000;50;9473908089;B
20240129;110002;194.940000000;10;9473908378;B
20240129;110003;194.940000000;2300;9473908415;B
20240129;110003;194.920000000;30;9473908481;S
20240129;110003;194.920000000;40;9473908529;S
20240129;110005;194.920000000;30;9473908645;S
20240129;110005;194.920000000;40;9473908646;S
20240129;110008;194.920000000;450;9473909154;S
20240129;110013;194.940000000;600;9473910308;B
20240129;110025;194.940000000;10;9473912459;B
20240129;110026;194.900000000;50;9473912616;S
20240129;110026;194.900000000;50;9473912617;S
20240129;110028;194.900000000;10;9473912806;S
20240129;110033;194.940000000;30;9473913645;B
20240129;110034;194.940000000;30;9473913854;B
20240129;110053;194.900000000;310;9473916653;S
20240129;110110;194.920000000;10;9473919185;B
20240129;110111;194.900000000;100;9473919312;S
20240129;110111;194.920000000;10;9473919376;B
20240129;110117;194.920000000;100;9473920205;B
20240129;110122;194.920000000;10;9473920876;B
20240129;110123;194.920000000;30;9473921096;B
20240129;110124;194.900000000;100;9473921175;S
20240129;110124;194.920000000;340;9473921182;B
20240129;110124;194.920000000;160;9473921183;B
20240129;110125;194.920000000;10;9473921323;B
20240129;110127;194.900000000;10;9473921656;S
20240129;110127;194.900000000;40;9473921657;S
20240129;110142;194.920000000;330;9473924333;B
20240129;110142;194.940000000;920;9473924334;B
20240129;110213;194.920000000;10;9473929178;S
20240129;110213;194.920000000;10;9473929179;S
20240129;110213;194.920000000;10;9473929180;S
20240129;110228;194.940000000;13160;9473931312;B
20240129;110228;194.940000000;250;9473931313;B
20240129;110228;194.980000000;200;9473931314;B
20240129;110228;195.000000000;1920;9473931315;B
20240129;110228;195.000000000;100;9473931316;B
20240129;110228;195.000000000;50;9473931317;B
20240129;110228;195.000000000;30;9473931318;B
20240129;110228;195.000000000;20;9473931319;B
20240129;110228;195.000000000;40;9473931320;B
20240129;110228;195.000000000;500;9473931321;B
20240129;110228;195.020000000;10;9473931322;B
20240129;110228;195.020000000;10;9473931323;B
20240129;110228;195.060000000;10;9473931326;B
20240129;110228;195.060000000;10;9473931327;B
20240129;110228;195.060000000;10;9473931328;B
20240129;110228;195.060000000;20;9473931329;B
20240129;110228;195.060000000;50;9473931330;B
20240129;110228;195.060000000;400;9473931331;B
20240129;110246;195.080000000;300;9473933776;B
20240129;110246;195.080000000;10;9473933777;B
20240129;110246;195.080000000;10;9473933857;B
20240129;110246;195.080000000;100;9473933871;B
20240129;110247;195.080000000;10;9473934001;B
20240129;110247;195.080000000;10;9473934070;B
20240129;110254;195.080000000;20;9473934907;B
20240129;110316;195.040000000;30;9473937768;S
20240129;110322;195.080000000;10;9473938791;B
20240129;110323;195.080000000;10;9473938865;B
20240129;110331;195.080000000;10;9473940030;B
20240129;110332;195.080000000;30;9473940344;B
20240129;110332;195.080000000;10;9473940356;B
20240129;110334;195.080000000;50;9473940904;B
20240129;110338;195.060000000;10;9473941669;S
20240129;110338;195.040000000;20;9473941670;S
20240129;110338;195.040000000;20;9473941671;S
20240129;110342;195.080000000;10;9473942200;B
20240129;110410;195.040000000;20;9473945998;S
20240129;110410;195.040000000;40;9473945999;S
20240129;110413;195.040000000;50;9473946492;B
20240129;110414;195.040000000;10;9473946745;B
20240129;110414;195.040000000;10;9473946771;B
20240129;110416;195.040000000;50;9473946973;B
20240129;110417;195.020000000;50;9473947219;S
20240129;110425;195.020000000;10;9473948520;S
20240129;110426;195.040000000;10;9473948596;B
20240129;110427;195.020000000;10;9473948759;S
20240129;110427;195.020000000;300;9473948833;S
20240129;110435;195.020000000;50;9473950131;S
20240129;110437;195.040000000;60;9473950407;B
20240129;110437;195.060000000;20;9473950408;B
20240129;110440;195.020000000;10;9473950662;S
20240129;110446;195.020000000;30;9473951553;S
20240129;110509;195.060000000;80;9473954878;B
20240129;110512;195.060000000;10;9473955569;S
20240129;110519;195.080000000;50;9473956333;B
20240129;110526;195.080000000;20;9473957106;B
20240129;110533;195.060000000;100;9473957924;S
20240129;110534;195.060000000;10;9473958074;S
20240129;110542;195.060000000;50;9473959049;B
20240129;110546;195.020000000;100;9473959576;S
20240129;110605;195.080000000;210;9473962474;B
20240129;110605;195.080000000;130;9473962539;B
20240129;110605;195.080000000;20;9473962540;B
20240129;110605;195.080000000;70;9473962541;B
20240129;110605;195.100000000;30;9473962542;B
20240129;110605;195.100000000;140;9473962543;B
20240129;110605;195.100000000;160;9473962633;B
20240129;110605;195.100000000;50;9473962634;B
20240129;110605;195.100000000;150;9473962638;S
20240129;110606;195.120000000;10;9473962721;B
20240129;110614;195.120000000;30;9473963908;B
20240129;110614;195.120000000;10;9473964100;B
20240129;110617;195.120000000;10;9473964489;B
20240129;110618;195.120000000;40;9473964632;B
20240129;110618;195.120000000;100;9473964633;B
20240129;110618;195.120000000;120;9473964634;B
20240129;110618;195.140000000;30;9473964635;B
20240129;110618;195.140000000;200;9473964636;B
20240129;110627;195.140000000;10;9473965807;S
20240129;110627;195.140000000;90;9473965842;S
20240129;110637;195.160000000;10;9473967242;B
20240129;110637;195.160000000;40;9473967243;B
20240129;110639;195.140000000;20;9473967531;B
20240129;110639;195.140000000;390;9473967532;B
20240129;110655;195.140000000;780;9473969885;B
20240129;110655;195.140000000;40;9473969886;B
20240129;110655;195.160000000;1180;9473969887;B
20240129;110656;195.180000000;50;9473970090;B
20240129;110703;195.140000000;30;9473970970;S
20240129;110703;195.120000000;10;9473970971;S
20240129;110703;195.060000000;190;9473970972;S
20240129;110703;195.060000000;520;9473970973;S
20240129;110703;195.040000000;250;9473970974;S
20240129;110707;195.040000000;40;9473971795;S
20240129;110712;195.140000000;50;9473972455;B
20240129;110712;195.160000000;70;9473972456;B
20240129;110723;195.160000000;130;9473974055;B
20240129;110723;195.160000000;50;9473974056;B
20240129;110723;195.180000000;500;9473974057;B
20240129;110723;195.180000000;190;9473974058;B
20240129;110723;195.180000000;190;9473974059;B
20240129;110723;195.180000000;470;9473974060;B
20240129;110727;195.160000000;10;9473974591;B
20240129;110728;195.160000000;10;9473974922;B
20240129;110730;195.100000000;20;9473975327;S
20240129;110731;195.100000000;30;9473975440;S
20240129;110733;195.100000000;50;9473975840;S
20240129;110733;195.080000000;520;9473975841;S
20240129;110733;195.060000000;430;9473975842;S
20240129;110804;195.160000000;100;9473982248;B
20240129;110805;195.160000000;30;9473982479;B
20240129;110818;195.180000000;10;9473984430;B
20240129;110819;195.120000000;100;9473984534;S
20240129;110832;195.160000000;10;9473986310;B
20240129;110833;195.160000000;90;9473986488;B
20240129;110842;195.160000000;50;9473987475;B
20240129;110902;195.160000000;20;9473990095;B
20240129;110902;195.160000000;100;9473990166;B
20240129;110902;195.160000000;200;9473990167;B
20240129;110902;195.160000000;20;9473990168;B
20240129;110902;195.160000000;100;9473990169;B
20240129;110903;195.160000000;10;9473990215;S
20240129;110909;195.160000000;100;9473990954;S
20240129;110916;195.160000000;60;9473991840;S
20240129;110917;195.180000000;10;9473991845;B
20240129;110928;195.160000000;20;9473993312;S
20240129;110933;195.180000000;30;9473993886;B
20240129;110934;195.160000000;100;9473994018;S
20240129;110945;195.180000000;150;9473995354;B
20240129;110945;195.160000000;210;9473995406;S
20240129;110947;195.180000000;10;9473995729;B
20240129;110951;195.180000000;10;9473996245;B
20240129;110951;195.180000000;60;9473996246;B
20240129;110956;195.160000000;20;9473996822;S
20240129;111003;195.180000000;2000;9473997597;B
20240129;111010;195.180000000;500;9473998412;B
20240129;111017;195.180000000;30;9473999232;B
20240129;111021;195.160000000;20;9473999789;S
20240129;111022;195.180000000;10;9473999942;B
20240129;111023;195.160000000;100;9474000026;S
