<DATE>;<TIME>;<LAST>;<VOL>;<ID>;<OPER>
20240222;095934;190.240000000;10;9691715792;B
20240222;095934;190.240000000;20;9691715793;B
20240222;095934;190.240000000;10;9691715794;B
20240222;095934;190.240000000;10;9691715795;B
20240222;095934;190.240000000;100;9691715796;S
20240222;095934;190.240000000;100;9691715797;S
20240222;095934;190.240000000;40;9691715798;S
20240222;095934;190.240000000;10;9691715799;S
20240222;095934;190.240000000;170;9691715800;S
20240222;095934;190.240000000;6480;9691715801;S
20240222;095934;190.240000000;240;9691715802;S
20240222;095934;190.240000000;1000;9691715803;S
20240222;095934;190.240000000;20;9691715804;S
20240222;095934;190.240000000;20;9691715805;B
20240222;095934;190.240000000;3000;9691715806;S
20240222;095934;190.240000000;30;9691715807;S
20240222;095934;190.240000000;10;9691715808;S
20240222;095934;190.240000000;100;9691715809;S
20240222;095934;190.240000000;10;9691715810;B
20240222;095934;190.240000000;500;9691715811;S
20240222;095934;190.240000000;500;9691715812;S
20240222;095934;190.240000000;3090;9691715813;S
20240222;095934;190.240000000;290;9691715814;B
20240222;095934;190.240000000;310;9691715815;B
20240222;095934;190.240000000;10;9691715816;S
20240222;095934;190.240000000;10;9691715817;B
20240222;095934;190.240000000;260;9691715818;B
20240222;095934;190.240000000;10;9691715819;B
20240222;100002;190.240000000;300;9691724668;B
20240222;100003;190.280000000;10;9691725352;B
20240222;100003;190.300000000;10;9691725353;B
20240222;100003;190.380000000;10;9691725354;B
20240222;100003;190.400000000;50;9691725355;B
20240222;100003;190.080000000;60;9691725395;S
20240222;100003;190.080000000;10;9691725396;S
20240222;100003;190.060000000;80;9691725397;S
20240222;100003;190.120000000;10;9691725843;S
20240222;100003;190.040000000;20;9691725844;S
20240222;100003;190.020000000;50;9691725845;S
20240222;100003;190.000000000;70;9691725846;S
20240222;100003;190.000000000;20;9691725847;S
20240222;100004;190.380000000;10;9691726061;B
20240222;100005;190.420000000;40;9691726797;B
20240222;100005;190.440000000;30;9691726800;B
20240222;100005;190.440000000;10;9691726943;B
20240222;100005;190.440000000;30;9691726944;B
20240222;100006;190.440000000;110;9691727139;B
20240222;100006;190.460000000;40;9691727140;B
20240222;100006;190.540000000;150;9691727141;B
20240222;100006;190.560000000;50;9691727237;B
20240222;100006;190.360000000;10;9691727424;S
20240222;100006;190.520000000;60;9691727635;S
20240222;100007;190.500000000;20;9691728225;B
20240222;100008;190.480000000;40;9691728857;B
20240222;100008;190.500000000;10;9691728858;B
20240222;100008;190.420000000;10;9691728941;S
20240222;100008;190.420000000;10;9691729011;S
20240222;100008;190.420000000;20;9691729120;S
20240222;100008;190.500000000;270;9691729179;B
20240222;100008;190.520000000;40;9691729180;B
20240222;100008;190.540000000;100;9691729181;B
20240222;100008;190.580000000;1590;9691729182;B
20240222;100008;190.580000000;700;9691729183;B
20240222;100008;190.660000000;980;9691729184;B
20240222;100008;190.420000000;20;9691729250;S
20240222;100008;190.380000000;1860;9691729251;S
20240222;100008;190.380000000;40;9691729252;S
20240222;100008;190.360000000;490;9691729253;S
20240222;100008;190.300000000;3610;9691729254;S
20240222;100009;190.240000000;10;9691729621;S
20240222;100009;190.620000000;950;9691729790;B
20240222;100009;190.620000000;50;9691729791;B
20240222;100009;190.240000000;20;9691730260;S
20240222;100009;190.240000000;50;9691730437;S
20240222;100010;190.500000000;10;9691731109;B
20240222;100010;190.660000000;10;9691731327;B
20240222;100010;190.660000000;40;9691731356;B
20240222;100010;190.660000000;40;9691731395;B
20240222;100012;190.600000000;20;9691732090;B
20240222;100013;190.600000000;330;9691732327;B
20240222;100013;190.620000000;30;9691732412;B
20240222;100014;190.580000000;1000;9691732590;B
20240222;100015;190.600000000;340;9691732841;B
20240222;100018;190.380000000;10;9691733644;S
20240222;100018;190.620000000;1380;9691733821;B
20240222;100018;190.620000000;620;9691733822;B
20240222;100019;190.580000000;500;9691734086;B
20240222;100019;190.640000000;20;9691734354;B
20240222;100021;190.560000000;10;9691734635;B
20240222;100021;190.580000000;990;9691734641;B
20240222;100021;190.640000000;1590;9691734642;B
20240222;100021;190.660000000;1000;9691734643;B
20240222;100021;190.680000000;1420;9691734644;B
20240222;100023;190.580000000;280;9691735158;B
20240222;100031;190.560000000;10;9691737123;B
20240222;100033;190.540000000;10;9691737484;B
20240222;100047;190.420000000;100;9691741025;B
20240222;100053;190.380000000;380;9691742179;B
20240222;100053;190.380000000;410;9691742180;B
20240222;100053;190.360000000;10;9691742325;S
20240222;100058;190.360000000;10;9691743272;B
20240222;100058;190.380000000;80;9691743273;B
20240222;100100;190.360000000;10;9691743856;B
20240222;100103;190.340000000;10;9691744628;S
20240222;100103;190.340000000;290;9691744629;S
20240222;100105;190.360000000;80;9691744970;B
20240222;100105;190.380000000;110;9691744971;B
20240222;100105;190.380000000;600;9691744972;B
20240222;100105;190.400000000;20;9691744973;B
20240222;100105;190.400000000;100;9691744974;B
20240222;100105;190.400000000;10;9691744975;B
20240222;100105;190.420000000;10;9691744999;B
20240222;100105;190.360000000;20;9691745041;S
20240222;100106;190.360000000;220;9691745618;S
20240222;100107;190.360000000;30;9691745758;S
20240222;100107;190.420000000;60;9691745926;B
20240222;100107;190.420000000;10;9691745939;B
20240222;100108;190.420000000;50;9691746030;B
20240222;100108;190.420000000;10;9691746047;B
20240222;100108;190.420000000;20;9691746048;B
20240222;100108;190.420000000;10;9691746055;B
20240222;100108;190.420000000;10;9691746068;B
20240222;100108;190.420000000;20;9691746096;B
20240222;100109;190.420000000;10;9691746353;B
20240222;100109;190.420000000;30;9691746405;B
20240222;100109;190.420000000;40;9691746410;B
20240222;100109;190.420000000;10;9691746411;B
20240222;100109;190.380000000;10;9691746440;S
20240222;100109;190.360000000;750;9691746441;S
20240222;100109;190.360000000;240;9691746442;S
20240222;100109;190.420000000;110;9691746537;B
20240222;100110;190.600000000;30;9691746629;B
20240222;100112;190.580000000;20;9691747256;B
20240222;100117;190.580000000;40;9691748071;B
20240222;100117;190.600000000;60;9691748072;B
20240222;100118;190.600000000;110;9691748184;B
20240222;100118;190.580000000;300;9691748185;S
20240222;100125;190.580000000;30;9691750054;S
20240222;100126;190.600000000;70;9691750161;B
20240222;100127;190.600000000;300;9691750310;B
20240222;100128;190.580000000;170;9691750699;S
20240222;100128;190.440000000;460;9691750700;S
20240222;100129;190.600000000;250;9691750719;B
20240222;100131;190.460000000;10;9691751172;S
20240222;100131;190.440000000;170;9691751173;S
20240222;100140;190.480000000;30;9691753147;B
20240222;100140;190.480000000;10;9691753148;B
20240222;100140;190.480000000;530;9691753149;B
20240222;100140;190.500000000;10;9691753162;B
20240222;100141;190.500000000;1000;9691753509;S
20240222;100145;190.500000000;10;9691754242;S
20240222;100146;190.600000000;920;9691754611;B
20240222;100146;190.600000000;500;9691754612;B
20240222;100146;190.620000000;10;9691754613;B
20240222;100149;190.480000000;20;9691755105;S
20240222;100149;190.360000000;700;9691755106;S
20240222;100149;190.340000000;2280;9691755107;S
20240222;100149;190.480000000;1000;9691755170;B
20240222;100151;190.460000000;570;9691755376;B
20240222;100151;190.460000000;10;9691755411;S
20240222;100153;190.460000000;200;9691755892;S
20240222;100153;190.460000000;160;9691755977;S
20240222;100156;190.480000000;10;9691756512;B
20240222;100156;190.440000000;30;9691756550;S
20240222;100156;190.480000000;10;9691756618;B
20240222;100157;190.480000000;10;9691756721;B
20240222;100157;190.440000000;10;9691756766;S
20240222;100157;190.440000000;20;9691756884;S
20240222;100159;190.480000000;140;9691757459;B
20240222;100159;190.500000000;360;9691757460;B
20240222;100159;190.300000000;10;9691757519;S
20240222;100202;190.400000000;30;9691758447;S
20240222;100203;190.420000000;130;9691758598;S
20240222;100204;190.480000000;60;9691758818;B
20240222;100204;190.480000000;30;9691758983;B
20240222;100205;190.480000000;10;9691759064;B
20240222;100207;190.480000000;30;9691759605;B
20240222;100207;190.480000000;70;9691759606;B
20240222;100210;190.500000000;20;9691760245;B
20240222;100214;190.500000000;300;9691761148;B
20240222;100214;190.500000000;90;9691761191;B
20240222;100214;190.500000000;580;9691761235;B
20240222;100214;190.500000000;320;9691761236;B
20240222;100215;190.500000000;30;9691761348;B
20240222;100215;190.500000000;180;9691761652;B
20240222;100216;190.500000000;50;9691761749;B
20240222;100218;190.500000000;30;9691762214;B
20240222;100219;190.500000000;30;9691762659;B
20240222;100220;190.500000000;460;9691762933;B
20240222;100222;190.600000000;30;9691763491;B
20240222;100223;190.600000000;30;9691763650;B
20240222;100223;190.600000000;120;9691763889;B
20240222;100223;190.600000000;300;9691763916;B
20240222;100225;190.600000000;20;9691764459;B
20240222;100225;190.640000000;10;9691764460;B
20240222;100225;190.660000000;200;9691764461;B
20240222;100227;190.580000000;80;9691764952;S
20240222;100227;190.580000000;180;9691764953;S
20240222;100246;190.660000000;20;9691769828;B
20240222;100246;190.660000000;30;9691769829;B
20240222;100253;190.660000000;10;9691771520;B
20240222;100254;190.660000000;140;9691771854;B
20240222;100254;190.680000000;160;9691771855;B
20240222;100255;190.680000000;300;9691771988;B
20240222;100255;190.680000000;1290;9691772191;B
20240222;100256;190.660000000;50;9691772451;B
20240222;100256;190.680000000;400;9691772452;B
20240222;100259;190.600000000;80;9691772939;S
20240222;100259;190.600000000;500;9691772940;S
20240222;100259;190.520000000;140;9691772941;S
20240222;100259;190.500000000;250;9691772942;S
20240222;100259;190.480000000;10;9691772943;S
20240222;100259;190.480000000;200;9691772944;S
20240222;100259;190.460000000;1900;9691772945;S
20240222;100259;190.460000000;530;9691772946;S
20240222;100259;190.440000000;390;9691772947;S
20240222;100300;190.580000000;10;9691773327;B
20240222;100301;190.620000000;300;9691773526;S
20240222;100302;190.540000000;100;9691773761;S
20240222;100302;190.540000000;340;9691773762;S
20240222;100307;190.600000000;10;9691774975;B
20240222;100309;190.600000000;30;9691775352;B
20240222;100309;190.580000000;100;9691775462;S
20240222;100311;190.620000000;1590;9691775707;B
20240222;100311;190.620000000;120;9691775708;B
20240222;100311;190.640000000;290;9691775709;B
20240222;100318;190.640000000;10;9691777356;B
20240222;100325;190.620000000;360;9691779762;B
20240222;100326;190.620000000;10;9691780153;B
20240222;100337;190.620000000;30;9691782370;B
20240222;100337;190.620000000;50;9691782371;B
20240222;100337;190.640000000;100;9691782372;B
20240222;100337;190.660000000;40;9691782477;B
20240222;100338;190.660000000;10;9691782619;B
20240222;100340;190.640000000;820;9691783176;S
20240222;100340;190.620000000;140;9691783177;S
20240222;100340;190.600000000;200;9691783178;S
20240222;100340;190.600000000;500;9691783179;S
20240222;100340;190.580000000;50;9691783180;S
20240222;100340;190.580000000;140;9691783181;S
20240222;100340;190.540000000;100;9691783182;S
20240222;100340;190.440000000;10;9691783183;S
20240222;100340;190.440000000;530;9691783184;S
20240222;100340;190.420000000;1310;9691783185;S
20240222;100340;190.340000000;200;9691783186;S
20240222;100344;190.620000000;20;9691784024;B
20240222;100351;190.620000000;20;9691785584;S
20240222;100351;190.540000000;50;9691785642;B
20240222;100351;190.540000000;130;9691785643;B
20240222;100351;190.560000000;440;9691785644;B
20240222;100351;190.560000000;10;9691785664;B
20240222;100356;190.580000000;160;9691786889;B
20240222;100356;190.620000000;140;9691786910;B
20240222;100358;190.540000000;20;9691787279;S
20240222;100403;190.620000000;240;9691788653;B
20240222;100403;190.620000000;50;9691788654;B
20240222;100403;190.640000000;10;9691788655;B
20240222;100404;190.640000000;10;9691789052;B
20240222;100412;190.560000000;30;9691790836;B
20240222;100413;190.540000000;10;9691791135;S
20240222;100415;190.540000000;20;9691791575;S
20240222;100415;190.480000000;150;9691791576;S
20240222;100415;190.460000000;10;9691791577;S
20240222;100415;190.460000000;500;9691791578;S
20240222;100415;190.320000000;220;9691791579;S
20240222;100415;190.300000000;100;9691791580;S
20240222;100416;190.460000000;150;9691791966;B
20240222;100416;190.480000000;130;9691791967;B
20240222;100416;190.520000000;220;9691791968;B
20240222;100426;190.520000000;40;9691794596;B
20240222;100439;190.420000000;300;9691797973;B
20240222;100441;190.400000000;290;9691798367;B
20240222;100442;190.480000000;30;9691798754;B
20240222;100446;190.460000000;10;9691799589;B
20240222;100447;190.460000000;30;9691799864;B
20240222;100453;190.420000000;10;9691801381;S
20240222;100454;190.300000000;170;9691801786;S
20240222;100454;190.280000000;500;9691801787;S
20240222;100454;190.260000000;30;9691801788;S
20240222;100454;190.260000000;110;9691801789;S
20240222;100454;190.240000000;420;9691801790;S
20240222;100454;190.240000000;10;9691801791;S
20240222;100454;190.240000000;10;9691801792;S
20240222;100454;190.240000000;1000;9691801793;S
20240222;100454;190.200000000;100;9691801794;S
20240222;100454;190.200000000;350;9691801795;S
20240222;100455;190.340000000;100;9691801863;B
20240222;100458;190.300000000;70;9691802534;B
20240222;100458;190.340000000;230;9691802535;B
20240222;100505;190.280000000;10;9691804381;B
20240222;100521;190.220000000;10;9691807928;S
20240222;100523;190.220000000;50;9691808319;S
20240222;100524;190.280000000;20;9691808446;B
20240222;100532;190.220000000;10;9691810215;B
20240222;100537;190.200000000;100;9691811314;S
20240222;100537;190.200000000;60;9691811315;S
20240222;100537;190.200000000;1310;9691811316;S
20240222;100541;190.220000000;10;9691812098;B
20240222;100543;190.200000000;10;9691812719;S
20240222;100544;190.200000000;160;9691813030;S
20240222;100544;190.140000000;10;9691813290;S
20240222;100544;190.140000000;150;9691813291;S
20240222;100544;190.140000000;500;9691813292;S
20240222;100544;190.120000000;50;9691813293;S
20240222;100544;190.080000000;20;9691813294;S
20240222;100544;190.080000000;50;9691813295;S
20240222;100544;190.060000000;60;9691813296;S
20240222;100544;190.040000000;350;9691813297;S
20240222;100544;190.020000000;530;9691813298;S
20240222;100544;190.000000000;370;9691813299;S
20240222;100544;190.000000000;100;9691813300;S
20240222;100544;190.000000000;10;9691813301;S
20240222;100544;190.000000000;50;9691813302;S
20240222;100544;190.000000000;10;9691813303;S
20240222;100544;190.000000000;50;9691813304;S
20240222;100544;190.000000000;10;9691813305;S
20240222;100544;190.000000000;20;9691813306;S
20240222;100544;189.980000000;200;9691813307;S
20240222;100544;189.960000000;1900;9691813308;S
20240222;100544;189.960000000;530;9691813309;S
20240222;100544;189.940000000;1310;9691813310;S
20240222;100544;189.920000000;220;9691813311;S
20240222;100544;189.980000000;100;9691813319;B
20240222;100544;189.900000000;100;9691813403;S
20240222;100544;189.900000000;50;9691813943;S
20240222;100545;189.900000000;650;9691814196;S
20240222;100545;189.900000000;140;9691814197;S
20240222;100545;189.860000000;500;9691814198;S
20240222;100545;189.840000000;170;9691814199;S
20240222;100545;189.840000000;60;9691814200;S
20240222;100545;189.820000000;340;9691814201;S
20240222;100545;189.800000000;270;9691814202;S
20240222;100545;189.800000000;10;9691814203;S
20240222;100545;189.800000000;100;9691814204;S
20240222;100545;189.800000000;100;9691814205;S
20240222;100545;189.780000000;10;9691814206;S
20240222;100545;189.780000000;1000;9691814207;S
20240222;100545;189.780000000;10;9691814208;S
20240222;100545;189.780000000;20;9691814209;S
20240222;100545;189.760000000;200;9691814210;S
20240222;100545;189.740000000;1310;9691814211;S
20240222;100545;189.700000000;40;9691814212;S
20240222;100545;189.700000000;10;9691814213;S
20240222;100545;189.700000000;10;9691814214;S
20240222;100545;189.700000000;200;9691814215;S
20240222;100545;189.660000000;500;9691814216;S
20240222;100545;189.620000000;540;9691814217;S
20240222;100545;189.600000000;10;9691814218;S
20240222;100545;189.600000000;100;9691814219;S
20240222;100545;189.600000000;1590;9691814220;S
20240222;100545;189.600000000;530;9691814221;S
20240222;100545;189.580000000;200;9691814222;S
20240222;100545;189.580000000;1380;9691814223;S
20240222;100545;189.840000000;100;9691814226;B
20240222;100545;189.660000000;270;9691814487;S
20240222;100545;189.800000000;30;9691814497;B
20240222;100545;189.620000000;200;9691814667;S
20240222;100545;189.580000000;530;9691814925;S
20240222;100545;189.580000000;1310;9691814926;S
20240222;100545;189.580000000;250;9691814927;S
20240222;100545;189.540000000;1590;9691814928;S
20240222;100545;189.520000000;2650;9691814929;S
20240222;100546;189.600000000;140;9691815103;S
20240222;100546;189.580000000;10;9691815104;S
20240222;100546;189.540000000;530;9691815105;S
20240222;100546;189.520000000;5110;9691815106;S
20240222;100546;189.560000000;50;9691815311;B
20240222;100546;189.620000000;10;9691815312;B
20240222;100546;189.660000000;50;9691815389;B
20240222;100546;189.740000000;180;9691815397;B
20240222;100546;189.740000000;10;9691815609;B
20240222;100546;189.740000000;110;9691815646;B
20240222;100546;189.620000000;1190;9691815661;S
20240222;100546;189.740000000;50;9691815788;B
20240222;100547;189.740000000;180;9691815834;B
20240222;100547;189.740000000;90;9691815835;B
20240222;100547;189.760000000;20;9691815836;B
20240222;100547;189.560000000;10;9691815982;S
20240222;100547;189.740000000;50;9691816077;B
20240222;100547;189.560000000;10;9691816159;S
20240222;100547;189.740000000;60;9691816352;B
20240222;100548;189.740000000;10;9691816514;B
20240222;100548;189.740000000;110;9691816557;B
20240222;100548;189.760000000;30;9691816558;B
20240222;100548;189.760000000;40;9691816633;B
20240222;100548;189.760000000;140;9691816742;B
20240222;100555;189.760000000;10;9691817980;B
20240222;100555;189.760000000;90;9691817994;B
20240222;100556;189.740000000;80;9691818388;B
20240222;100607;189.800000000;30;9691820538;B
20240222;100613;189.740000000;130;9691821548;S
20240222;100613;189.740000000;240;9691821549;S
20240222;100613;189.740000000;690;9691821550;S
20240222;100613;189.740000000;650;9691821551;S
20240222;100613;189.760000000;1590;9691821552;S
20240222;100614;189.640000000;40;9691822015;S
20240222;100615;189.660000000;60;9691822141;B
20240222;100616;189.740000000;20;9691822703;B
20240222;100619;189.680000000;100;9691823312;B
20240222;100619;189.780000000;10;9691823415;B
20240222;100622;189.720000000;60;9691823907;B
20240222;100623;189.720000000;90;9691824058;B
20240222;100623;189.740000000;80;9691824059;B
20240222;100623;189.720000000;60;9691824158;B
20240222;100623;189.720000000;30;9691824163;S
20240222;100623;189.720000000;230;9691824259;B
20240222;100623;189.700000000;40;9691824306;B
20240222;100623;189.700000000;50;9691824453;B
20240222;100636;189.680000000;10;9691827412;B
20240222;100645;189.680000000;110;9691829183;B
20240222;100645;189.620000000;130;9691829201;S
20240222;100645;189.600000000;30;9691829202;S
20240222;100645;189.600000000;70;9691829203;S
20240222;100645;189.560000000;10;9691829204;S
20240222;100645;189.560000000;240;9691829205;S
20240222;100645;189.560000000;20;9691829206;S
20240222;100645;189.540000000;10;9691829207;S
20240222;100645;189.540000000;10;9691829208;S
20240222;100645;189.540000000;230;9691829209;S
20240222;100645;189.540000000;530;9691829210;S
20240222;100645;189.540000000;1090;9691829211;S
20240222;100647;189.620000000;60;9691829761;B
20240222;100649;189.600000000;60;9691830033;S
20240222;100652;189.540000000;530;9691830691;S
20240222;100652;189.540000000;970;9691830692;S
20240222;100656;189.600000000;10;9691831565;B
20240222;100656;189.560000000;10;9691831619;S
20240222;100656;189.560000000;10;9691831620;S
20240222;100656;189.540000000;530;9691831621;S
20240222;100656;189.540000000;880;9691831622;S
20240222;100656;189.600000000;10;9691831719;B
20240222;100658;189.540000000;10;9691832009;S
20240222;100658;189.540000000;530;9691832010;S
20240222;100658;189.540000000;1580;9691832011;S
20240222;100659;189.560000000;110;9691832139;B
20240222;100659;189.540000000;530;9691832151;S
20240222;100659;189.540000000;70;9691832152;S
20240222;100659;189.540000000;60;9691832153;S
20240222;100659;189.540000000;10;9691832155;S
20240222;100700;189.560000000;30;9691832384;B
20240222;100700;189.560000000;10;9691832530;B
20240222;100702;189.540000000;110;9691832892;S
20240222;100702;189.560000000;10;9691832944;B
20240222;100704;189.540000000;290;9691833162;S
20240222;100704;189.540000000;690;9691833163;S
20240222;100704;189.540000000;20;9691833164;S
20240222;100704;189.540000000;30;9691833201;S
20240222;100704;189.520000000;1960;9691833202;S
20240222;100704;189.540000000;10;9691833270;B
20240222;100705;189.540000000;40;9691833508;B
20240222;100707;189.540000000;30;9691833900;B
20240222;100709;189.540000000;20;9691834118;B
20240222;100709;189.540000000;10;9691834314;B
20240222;100709;189.520000000;210;9691834395;S
20240222;100711;189.540000000;360;9691834721;B
20240222;100712;189.540000000;500;9691834986;B
20240222;100712;189.540000000;100;9691835023;B
20240222;100713;189.540000000;20;9691835100;B
20240222;100713;189.540000000;30;9691835101;B
20240222;100713;189.540000000;10;9691835141;B
20240222;100714;189.540000000;30;9691835517;B
20240222;100715;189.520000000;20;9691835763;S
20240222;100719;189.540000000;300;9691836562;B
20240222;100719;189.540000000;30;9691836633;B
20240222;100719;189.540000000;20;9691836634;B
20240222;100719;189.540000000;30;9691836635;B
20240222;100719;189.540000000;80;9691836665;B
20240222;100719;189.540000000;10;9691836686;B
20240222;100719;189.540000000;70;9691836706;B
20240222;100719;189.540000000;50;9691836767;B
20240222;100720;189.540000000;10;9691836926;B
20240222;100721;189.540000000;30;9691837155;B
20240222;100722;189.540000000;30;9691837278;B
20240222;100722;189.520000000;100;9691837390;S
20240222;100725;189.520000000;8000;9691837811;S
20240222;100725;189.520000000;500;9691837956;S
20240222;100726;189.540000000;10;9691838006;B
20240222;100727;189.520000000;100;9691838174;S
20240222;100730;189.540000000;10;9691838757;B
20240222;100731;189.540000000;80;9691838800;B
20240222;100731;189.540000000;10;9691838806;B
20240222;100731;189.520000000;30;9691838818;S
20240222;100733;189.540000000;10;9691839261;B
20240222;100737;189.540000000;10;9691840171;B
20240222;100743;189.520000000;300;9691841289;S
20240222;100745;189.520000000;20;9691841618;S
20240222;100750;189.540000000;30;9691842500;B
20240222;100751;189.520000000;20;9691842619;S
20240222;100751;189.540000000;70;9691842715;B
20240222;100752;189.540000000;200;9691842787;B
20240222;100756;189.540000000;10;9691843680;B
20240222;100756;189.520000000;10;9691843681;S
20240222;100756;189.540000000;30;9691843874;B
20240222;100756;189.520000000;260;9691843910;S
20240222;100756;189.520000000;140;9691843911;S
20240222;100756;189.520000000;570;9691843912;S
20240222;100756;189.520000000;10;9691843913;S
20240222;100756;189.520000000;10;9691843914;S
20240222;100756;189.520000000;10;9691843915;S
20240222;100756;189.540000000;10;9691843939;B
20240222;100756;189.500000000;20;9691843943;S
20240222;100756;189.500000000;10;9691843944;S
20240222;100757;189.540000000;30;9691844004;B
20240222;100757;189.540000000;30;9691844082;B
20240222;100757;189.500000000;300;9691844143;S
20240222;100757;189.500000000;270;9691844144;S
20240222;100757;189.500000000;10;9691844145;S
20240222;100757;189.500000000;100;9691844146;S
20240222;100757;189.400000000;10;9691844147;S
20240222;100757;189.400000000;20;9691844148;S
20240222;100757;189.400000000;100;9691844149;S
20240222;100758;189.400000000;30;9691844164;B
20240222;100758;189.400000000;30;9691844176;B
20240222;100758;189.400000000;30;9691844248;B
20240222;100758;189.340000000;30;9691844291;B
20240222;100759;189.340000000;1000;9691844353;B
20240222;100800;189.320000000;20;9691844494;S
20240222;100805;189.320000000;20;9691845500;B
20240222;100805;189.300000000;20;9691845603;S
20240222;100805;189.300000000;130;9691845604;S
20240222;100805;189.300000000;240;9691845605;S
20240222;100805;189.300000000;3010;9691845606;S
20240222;100805;189.280000000;60;9691845607;S
20240222;100805;189.260000000;20;9691845611;S
20240222;100805;189.280000000;120;9691845612;B
20240222;100805;189.300000000;20;9691845613;S
20240222;100805;189.300000000;20;9691845614;S
20240222;100805;189.300000000;140;9691845615;S
20240222;100805;189.220000000;20;9691845616;S
20240222;100805;189.220000000;100;9691845617;S
20240222;100806;189.240000000;1320;9691845768;B
20240222;100806;189.260000000;10;9691845769;B
20240222;100806;189.260000000;140;9691845770;B
20240222;100806;189.260000000;120;9691845771;B
20240222;100806;189.260000000;500;9691845772;B
20240222;100806;189.280000000;120;9691845773;B
20240222;100806;189.360000000;500;9691845774;B
20240222;100806;189.520000000;40;9691845775;B
20240222;100806;189.520000000;10;9691845776;S
20240222;100806;189.520000000;3240;9691845777;S
20240222;100810;189.260000000;20;9691846488;B
20240222;100810;189.260000000;30;9691846489;B
20240222;100810;189.260000000;10;9691846524;B
20240222;100815;189.240000000;20;9691847330;B
20240222;100818;189.240000000;90;9691847817;B
20240222;100819;189.240000000;10;9691848053;B
20240222;100821;189.260000000;1320;9691848272;B
20240222;100821;189.260000000;510;9691848273;B
20240222;100821;189.260000000;710;9691848274;B
20240222;100821;189.260000000;100;9691848275;B
20240222;100822;189.240000000;10;9691848508;S
20240222;100826;189.300000000;10;9691849248;B
20240222;100827;189.300000000;50;9691849358;B
20240222;100827;189.300000000;20;9691849497;B
20240222;100837;189.300000000;10;9691851436;B
20240222;100842;189.300000000;140;9691852214;B
20240222;100842;189.300000000;120;9691852215;B
20240222;100842;189.300000000;40;9691852216;B
20240222;100842;189.240000000;50;9691852237;S
20240222;100842;189.240000000;100;9691852238;S
20240222;100842;189.240000000;140;9691852239;S
20240222;100842;189.220000000;1300;9691852240;S
20240222;100843;189.280000000;30;9691852437;B
20240222;100843;189.300000000;20;9691852438;B
20240222;100845;189.300000000;10;9691852620;S
20240222;100845;189.300000000;40;9691852814;S
20240222;100845;189.300000000;10;9691852815;S
20240222;100845;189.260000000;50;9691852838;B
20240222;100845;189.240000000;10;9691852876;S
20240222;100845;189.240000000;40;9691852877;S
20240222;100847;189.280000000;10;9691853345;B
20240222;100853;189.220000000;1590;9691854423;S
20240222;100853;189.280000000;10;9691854679;B
20240222;100854;189.280000000;40;9691854864;S
20240222;100854;189.320000000;1150;9691854905;B
20240222;100857;189.340000000;20;9691855446;B
20240222;100901;189.340000000;10;9691856047;B
20240222;100901;189.360000000;140;9691856048;B
20240222;100901;189.400000000;40;9691856103;B
20240222;100901;189.420000000;510;9691856270;B
20240222;100902;189.480000000;1310;9691856319;B
20240222;100902;189.500000000;80;9691856320;B
20240222;100902;189.500000000;100;9691856321;B
20240222;100902;189.500000000;10;9691856322;B
20240222;100902;189.540000000;100;9691856323;B
20240222;100902;189.560000000;120;9691856324;B
20240222;100902;189.640000000;640;9691856325;B
20240222;100912;189.460000000;1310;9691858166;B
20240222;100913;189.540000000;1060;9691858356;B
20240222;100913;189.520000000;10;9691858389;B
20240222;100913;189.520000000;60;9691858423;B
20240222;100913;189.580000000;90;9691858476;B
20240222;100913;189.600000000;410;9691858477;B
20240222;100914;189.640000000;1310;9691858546;B
20240222;100914;189.660000000;80;9691858547;B
20240222;100914;189.680000000;30;9691858548;B
20240222;100914;189.700000000;500;9691858549;B
20240222;100914;189.760000000;60;9691858550;B
20240222;100914;189.780000000;330;9691858551;B
20240222;100914;189.680000000;1310;9691858641;B
20240222;100914;189.680000000;190;9691858642;S
20240222;100914;189.680000000;380;9691858643;S
20240222;100914;189.680000000;460;9691858645;S
20240222;100914;189.680000000;30;9691858646;S
20240222;100919;189.640000000;30;9691859249;B
20240222;100919;189.660000000;70;9691859250;B
20240222;100919;189.440000000;30;9691859271;S
20240222;100919;189.420000000;50;9691859272;S
20240222;100924;189.580000000;10;9691859987;B
20240222;100924;189.580000000;50;9691859988;B
20240222;100924;189.620000000;700;9691860071;B
20240222;100925;189.700000000;1310;9691860112;B
20240222;100925;189.720000000;10;9691860113;B
20240222;100925;189.780000000;990;9691860114;B
20240222;100930;189.680000000;30;9691860956;B
20240222;100935;189.700000000;1310;9691861643;B
20240222;100936;189.740000000;1060;9691861799;B
20240222;100936;189.620000000;30;9691861800;S
20240222;100937;189.620000000;70;9691862016;S
20240222;100937;189.500000000;80;9691862017;S
20240222;100938;189.720000000;10;9691862351;B
20240222;100940;189.700000000;100;9691862756;B
20240222;100943;189.500000000;160;9691863205;S
20240222;100943;189.500000000;570;9691863206;B
20240222;100943;189.500000000;30;9691863207;B
20240222;100943;189.500000000;830;9691863208;B
20240222;100944;189.680000000;160;9691863373;B
20240222;100944;189.680000000;130;9691863374;B
20240222;100945;189.680000000;50;9691863499;S
20240222;100945;189.700000000;180;9691863500;B
20240222;100945;189.780000000;10;9691863517;B
20240222;100945;189.800000000;1790;9691863518;B
20240222;100945;189.820000000;230;9691863519;B
20240222;100945;189.740000000;10;9691863557;B
20240222;100945;189.740000000;10;9691863571;B
20240222;100949;189.760000000;10;9691864102;B
20240222;100951;189.520000000;10;9691864315;S
20240222;100955;189.740000000;10;9691864863;B
20240222;100955;189.740000000;50;9691864864;B
20240222;100955;189.740000000;80;9691864865;S
20240222;100956;189.820000000;170;9691864985;B
20240222;100956;189.840000000;500;9691864986;B
20240222;100956;189.880000000;30;9691864987;B
20240222;101003;189.780000000;60;9691865986;B
20240222;101003;189.780000000;30;9691865987;B
20240222;101021;189.660000000;10;9691868420;B
20240222;101028;189.720000000;20;9691869409;B
20240222;101040;189.660000000;50;9691871135;S
20240222;101045;189.700000000;50;9691871863;B
20240222;101048;189.700000000;40;9691872266;B
20240222;101048;189.700000000;30;9691872267;B
20240222;101049;189.700000000;70;9691872380;B
20240222;101049;189.700000000;10;9691872385;B
20240222;101057;189.700000000;10;9691873500;B
20240222;101058;189.720000000;110;9691873590;B
20240222;101106;189.720000000;80;9691874445;S
20240222;101106;189.700000000;220;9691874446;S
20240222;101108;189.700000000;200;9691874706;S
20240222;101111;189.760000000;50;9691875105;B
20240222;101113;189.760000000;70;9691875415;B
20240222;101114;189.760000000;80;9691875511;B
20240222;101115;189.780000000;10;9691875624;B
20240222;101115;189.780000000;40;9691875625;B
20240222;101116;189.800000000;30;9691875789;B
20240222;101117;189.800000000;1970;9691875948;B
20240222;101118;189.840000000;20;9691876075;B
20240222;101125;189.900000000;50;9691877111;B
20240222;101127;189.840000000;10;9691877423;S
20240222;101133;189.900000000;250;9691878159;B
20240222;101134;189.960000000;10;9691878325;B
20240222;101144;189.980000000;30;9691879534;B
20240222;101144;189.980000000;150;9691879538;B
20240222;101155;189.980000000;70;9691880919;B
20240222;101207;189.960000000;20;9691882539;B
20240222;101209;189.960000000;30;9691882918;B
20240222;101209;189.960000000;10;9691882919;B
20240222;101209;189.980000000;110;9691882920;B
20240222;101216;189.960000000;140;9691883941;B
20240222;101217;189.960000000;10;9691884116;B
20240222;101220;189.960000000;520;9691884458;B
20240222;101220;189.980000000;590;9691884460;B
20240222;101227;189.980000000;200;9691885453;B
20240222;101228;189.980000000;30;9691885609;B
20240222;101229;189.980000000;110;9691885972;B
20240222;101232;189.980000000;200;9691886315;B
20240222;101234;189.980000000;300;9691886635;B
20240222;101234;189.980000000;320;9691886708;B
20240222;101239;189.980000000;10;9691887458;B
20240222;101247;189.980000000;240;9691888684;B
20240222;101247;189.980000000;50;9691888735;B
20240222;101252;189.900000000;80;9691889500;S
20240222;101252;189.900000000;10;9691889501;S
20240222;101252;189.880000000;10;9691889502;S
20240222;101252;189.880000000;80;9691889503;S
20240222;101258;189.920000000;20;9691890350;B
20240222;101259;189.920000000;20;9691890455;B
20240222;101259;189.960000000;80;9691890456;B
20240222;101259;189.960000000;90;9691890457;B
20240222;101259;189.980000000;310;9691890458;B
20240222;101301;189.980000000;10;9691890714;B
20240222;101307;189.980000000;550;9691891491;B
20240222;101314;189.980000000;20;9691892340;B
20240222;101322;189.960000000;90;9691893364;B
20240222;101322;189.960000000;10;9691893365;B
20240222;101331;189.980000000;50;9691894620;B
20240222;101331;189.980000000;20;9691894683;B
20240222;101331;189.980000000;500;9691894688;B
20240222;101331;189.980000000;1030;9691894691;B
20240222;101334;189.960000000;50;9691895545;B
20240222;101342;189.920000000;10;9691897078;B
20240222;101342;189.920000000;40;9691897079;B
20240222;101342;189.940000000;20;9691897158;B
20240222;101342;189.940000000;500;9691897159;B
20240222;101342;189.960000000;90;9691897160;B
20240222;101342;189.980000000;390;9691897161;B
20240222;101345;189.900000000;10;9691897560;S
20240222;101351;189.920000000;40;9691898627;B
20240222;101351;189.920000000;90;9691898628;B
20240222;101351;189.940000000;70;9691898629;B
20240222;101351;189.900000000;10;9691898681;S
20240222;101354;189.900000000;80;9691899133;S
20240222;101354;189.900000000;20;9691899134;S
20240222;101406;189.840000000;80;9691900944;B
20240222;101406;189.860000000;30;9691900945;B
20240222;101412;189.860000000;30;9691901984;B
20240222;101412;189.860000000;80;9691901985;B
20240222;101412;189.880000000;500;9691901986;B
20240222;101415;189.900000000;10;9691902392;S
20240222;101420;189.940000000;10;9691903374;B
20240222;101421;189.940000000;20;9691903564;B
20240222;101421;189.960000000;10;9691903565;B
20240222;101423;189.900000000;380;9691904099;S
20240222;101423;189.880000000;90;9691904100;S
20240222;101423;189.880000000;80;9691904101;S
20240222;101423;189.860000000;1310;9691904102;S
20240222;101423;189.820000000;80;9691904103;S
20240222;101423;189.820000000;120;9691904455;S
20240222;101427;189.880000000;60;9691905620;B
20240222;101438;189.900000000;10;9691907920;B
20240222;101441;189.900000000;10;9691908398;B
20240222;101441;189.900000000;10;9691908444;B
20240222;101450;189.900000000;60;9691909917;B
20240222;101450;189.900000000;10;9691909918;B
20240222;101450;189.900000000;50;9691909919;B
20240222;101454;189.920000000;190;9691910587;B
20240222;101502;189.860000000;10;9691911727;S
20240222;101504;189.940000000;100;9691912183;B
20240222;101507;189.860000000;90;9691912558;S
20240222;101507;189.860000000;90;9691912559;S
20240222;101509;189.860000000;30;9691912835;B
20240222;101510;189.860000000;10;9691912923;B
20240222;101512;189.860000000;680;9691913410;B
20240222;101512;189.860000000;20;9691913411;B
20240222;101512;189.860000000;10;9691913412;B
20240222;101512;189.860000000;10;9691913430;B
20240222;101513;189.860000000;10;9691913563;B
20240222;101514;189.860000000;50;9691913767;B
20240222;101518;189.900000000;10;9691914983;B
20240222;101520;189.920000000;10;9691915410;B
20240222;101526;189.900000000;80;9691916750;B
20240222;101526;189.900000000;20;9691916751;B
20240222;101535;189.900000000;10;9691918855;B
20240222;101537;189.900000000;10;9691919457;B
20240222;101538;189.920000000;20;9691919598;B
20240222;101553;189.920000000;10;9691922581;B
20240222;101556;189.900000000;30;9691923550;S
20240222;101600;189.880000000;10;9691924585;B
20240222;101604;189.880000000;20;9691925549;B
20240222;101606;189.860000000;10;9691925978;S
20240222;101610;189.860000000;30;9691926760;S
20240222;101611;189.860000000;80;9691926996;B
20240222;101612;189.860000000;30;9691927198;S
20240222;101615;189.860000000;10;9691927939;S
20240222;101617;189.880000000;280;9691928402;B
20240222;101621;189.880000000;560;9691929017;B
20240222;101621;189.880000000;40;9691929018;B
20240222;101621;189.880000000;80;9691929019;B
20240222;101622;189.900000000;100;9691929283;B
20240222;101624;189.880000000;80;9691929698;B
20240222;101628;189.900000000;10;9691930449;B
20240222;101628;189.880000000;10;9691930534;S
20240222;101628;189.860000000;70;9691930535;S
20240222;101629;189.900000000;10;9691930654;B
20240222;101634;189.860000000;10;9691931863;S
20240222;101634;189.840000000;250;9691931864;S
20240222;101634;189.840000000;80;9691931865;S
20240222;101634;189.840000000;40;9691931866;S
20240222;101636;189.820000000;10;9691932102;S
20240222;101637;189.900000000;170;9691932414;B
20240222;101638;189.900000000;20;9691932619;B
20240222;101639;189.820000000;10;9691932687;S
20240222;101639;189.900000000;500;9691932848;B
20240222;101646;189.820000000;80;9691934221;S
20240222;101646;189.820000000;80;9691934222;S
20240222;101646;189.800000000;10;9691934223;S
20240222;101646;189.800000000;1000;9691934224;S
20240222;101647;189.780000000;80;9691934441;S
20240222;101647;189.760000000;20;9691934442;S
20240222;101647;189.760000000;500;9691934490;S
20240222;101647;189.760000000;200;9691934491;S
20240222;101647;189.740000000;340;9691934492;S
20240222;101647;189.740000000;140;9691934493;S
20240222;101648;189.860000000;10;9691934575;B
20240222;101650;189.860000000;80;9691934880;B
20240222;101650;189.880000000;170;9691934881;B
20240222;101650;189.900000000;90;9691934882;B
20240222;101651;189.880000000;70;9691935025;B
20240222;101651;189.900000000;10;9691935026;B
20240222;101654;189.800000000;10;9691935751;S
20240222;101657;189.880000000;10;9691936217;B
20240222;101658;189.900000000;30;9691936546;B
20240222;101700;189.800000000;80;9691936879;S
20240222;101700;189.780000000;50;9691936880;S
20240222;101700;189.780000000;20;9691936881;S
20240222;101705;189.800000000;10;9691937683;B
20240222;101713;189.780000000;10;9691939452;B
20240222;101725;189.780000000;10;9691941427;B
20240222;101726;189.780000000;120;9691941537;B
20240222;101726;189.780000000;70;9691941538;B
20240222;101726;189.820000000;10;9691941539;B
20240222;101728;189.860000000;10;9691941813;B
20240222;101740;189.760000000;10;9691943869;S
20240222;101742;189.860000000;10;9691944055;B
20240222;101745;189.900000000;40;9691944580;B
20240222;101752;189.900000000;10;9691945480;B
20240222;101752;189.900000000;290;9691945481;B
20240222;101755;189.900000000;170;9691945763;B
20240222;101757;189.860000000;10;9691946027;B
20240222;101804;189.840000000;20;9691947278;B
20240222;101815;189.840000000;10;9691949388;S
20240222;101827;189.800000000;10;9691951535;B
20240222;101829;189.760000000;10;9691951819;S
20240222;101829;189.760000000;30;9691951820;S
20240222;101832;189.780000000;10;9691952104;B
20240222;101832;189.780000000;10;9691952105;B
20240222;101844;189.780000000;10;9691954182;B
20240222;101844;189.780000000;70;9691954183;B
20240222;101844;189.780000000;220;9691954184;B
20240222;101845;189.800000000;40;9691954419;B
20240222;101845;189.800000000;390;9691954420;B
20240222;101852;189.760000000;10;9691955686;S
20240222;101852;189.760000000;10;9691955687;S
20240222;101856;189.740000000;40;9691956183;B
20240222;101856;189.740000000;30;9691956184;B
20240222;101902;189.800000000;10;9691957171;B
20240222;101911;189.720000000;10;9691958673;S
20240222;101920;189.700000000;20;9691959991;S
20240222;101926;189.720000000;10;9691960779;B
20240222;101930;189.700000000;80;9691961265;S
20240222;101930;189.700000000;10;9691961266;S
20240222;101930;189.700000000;500;9691961267;S
20240222;101930;189.700000000;70;9691961268;S
20240222;101930;189.680000000;80;9691961269;S
20240222;101930;189.640000000;1260;9691961270;S
20240222;101940;189.660000000;70;9691962296;B
20240222;101940;189.660000000;30;9691962297;B
20240222;102012;189.660000000;10;9691966118;S
20240222;102012;189.660000000;20;9691966119;S
20240222;102012;189.660000000;200;9691966120;S
20240222;102012;189.640000000;70;9691966121;S
20240222;102012;189.600000000;10;9691966122;S
20240222;102012;189.600000000;20;9691966123;S
20240222;102013;189.620000000;100;9691966253;S
20240222;102013;189.600000000;980;9691966254;S
20240222;102013;189.600000000;20;9691966255;S
20240222;102013;189.600000000;100;9691966256;S
20240222;102013;189.600000000;10;9691966257;S
20240222;102013;189.580000000;70;9691966258;S
20240222;102013;189.560000000;250;9691966259;S
20240222;102013;189.540000000;30;9691966260;S
20240222;102013;189.540000000;40;9691966261;S
20240222;102030;189.580000000;40;9691972870;B
20240222;102036;189.580000000;10;9691974674;B
20240222;102038;189.580000000;10;9691975314;B
20240222;102038;189.580000000;10;9691975317;B
20240222;102039;189.540000000;50;9691976304;S
20240222;102039;189.540000000;70;9691976305;S
20240222;102039;189.520000000;870;9691976306;S
20240222;102044;189.500000000;20;9691977157;S
20240222;102044;189.500000000;10;9691977158;S
20240222;102044;189.500000000;30;9691977159;S
20240222;102044;189.500000000;350;9691977160;S
20240222;102044;189.500000000;110;9691977161;S
20240222;102044;189.500000000;130;9691977162;S
20240222;102044;189.500000000;70;9691977163;S
20240222;102044;189.500000000;140;9691977164;S
20240222;102046;189.500000000;10;9691977409;B
20240222;102047;189.500000000;400;9691977559;B
20240222;102049;189.500000000;20;9691977867;B
20240222;102049;189.500000000;10;9691978263;B
20240222;102057;189.500000000;10;9691979779;B
20240222;102104;189.480000000;10;9691981906;S
20240222;102109;189.500000000;10;9691983809;B
20240222;102110;189.500000000;250;9691984006;B
20240222;102113;189.500000000;20;9691984538;B
20240222;102113;189.500000000;10;9691984592;B
20240222;102117;189.500000000;20;9691984978;B
20240222;102119;189.480000000;20;9691987159;S
20240222;102122;189.500000000;10;9691987896;B
20240222;102129;189.500000000;3630;9691989758;B
20240222;102129;189.500000000;70;9691989759;B
20240222;102129;189.500000000;250;9691989760;B
20240222;102129;189.500000000;10;9691989761;B
20240222;102135;189.640000000;160;9691991042;B
20240222;102135;189.660000000;70;9691991043;B
20240222;102135;189.680000000;200;9691991044;B
20240222;102135;189.700000000;60;9691991045;B
20240222;102135;189.700000000;10;9691991046;B
20240222;102137;189.600000000;90;9691991193;S
20240222;102142;189.680000000;10;9691993205;B
20240222;102143;189.700000000;50;9691993285;B
20240222;102143;189.680000000;50;9691993341;S
20240222;102143;189.660000000;60;9691993342;S
20240222;102145;189.700000000;20;9691993900;B
20240222;102149;189.700000000;20;9691994980;B
20240222;102150;189.700000000;10;9691995144;B
20240222;102153;189.700000000;50;9691995871;B
20240222;102158;189.700000000;40;9691997273;B
20240222;102158;189.700000000;80;9691997274;B
20240222;102200;189.800000000;10;9691997686;B
20240222;102203;189.700000000;10;9691998416;S
20240222;102204;189.780000000;10;9691999089;B
20240222;102205;189.720000000;10;9691999369;S
20240222;102214;189.760000000;10;9692002009;S
20240222;102216;189.760000000;10;9692002240;S
20240222;102229;189.780000000;70;9692006113;S
20240222;102229;189.760000000;80;9692006114;S
20240222;102229;189.760000000;750;9692006115;S
20240222;102231;189.800000000;20;9692006498;S
20240222;102231;189.760000000;90;9692006499;S
20240222;102231;189.760000000;450;9692006500;S
20240222;102232;189.760000000;20;9692006861;B
20240222;102233;189.760000000;10;9692007029;B
20240222;102234;189.760000000;10;9692007100;B
20240222;102234;189.760000000;20;9692007102;B
20240222;102234;189.760000000;10;9692007184;B
20240222;102235;189.740000000;1000;9692007227;S
20240222;102245;189.760000000;200;9692010485;B
20240222;102246;189.760000000;30;9692010547;B
20240222;102249;189.760000000;10;9692010937;B
20240222;102253;189.760000000;130;9692012234;B
20240222;102253;189.800000000;90;9692012235;B
20240222;102253;189.800000000;70;9692012236;B
20240222;102253;189.840000000;210;9692012237;B
20240222;102304;189.800000000;60;9692015224;S
20240222;102304;189.780000000;940;9692015225;S
20240222;102310;189.840000000;20;9692017436;B
20240222;102312;189.840000000;60;9692017750;B
20240222;102321;189.840000000;10;9692020318;B
20240222;102321;189.840000000;50;9692021197;B
20240222;102324;189.780000000;20;9692021745;S
20240222;102324;189.780000000;60;9692021746;S
20240222;102324;189.760000000;60;9692021747;S
20240222;102324;189.760000000;100;9692021748;S
20240222;102324;189.760000000;50;9692021749;S
20240222;102325;189.840000000;50;9692022013;B
20240222;102337;189.760000000;10;9692025207;S
20240222;102337;189.760000000;30;9692025208;S
20240222;102337;189.760000000;60;9692025209;S
20240222;102337;189.740000000;10;9692025210;S
20240222;102337;189.740000000;90;9692025211;S
20240222;102337;189.840000000;10;9692025286;B
20240222;102354;189.740000000;100;9692030743;S
20240222;102358;189.840000000;300;9692031943;B
20240222;102358;189.840000000;10;9692031944;B
20240222;102358;189.840000000;80;9692031945;B
20240222;102358;189.840000000;60;9692031946;B
20240222;102358;189.880000000;500;9692031947;B
20240222;102402;189.920000000;170;9692032216;B
20240222;102402;189.940000000;60;9692032217;B
20240222;102402;189.960000000;50;9692032218;B
20240222;102402;189.980000000;110;9692032219;B
20240222;102402;189.980000000;20;9692032220;B
20240222;102402;189.980000000;30;9692032221;B
20240222;102402;189.980000000;110;9692032222;B
20240222;102409;189.940000000;10;9692035287;B
20240222;102410;190.000000000;10;9692035421;B
20240222;102419;190.000000000;10;9692037273;B
20240222;102422;189.980000000;30;9692038239;B
20240222;102422;189.980000000;70;9692038240;B
20240222;102422;190.000000000;130;9692038241;B
20240222;102422;190.000000000;500;9692038242;B
20240222;102431;190.020000000;100;9692040813;S
20240222;102442;190.000000000;270;9692044045;S
20240222;102449;190.000000000;10;9692045489;S
20240222;102452;190.080000000;90;9692047198;B
20240222;102452;190.100000000;10;9692047199;B
20240222;102453;190.020000000;100;9692047365;S
20240222;102455;190.020000000;100;9692047766;S
20240222;102458;190.020000000;100;9692047965;S
20240222;102458;190.100000000;10;9692047978;B
20240222;102458;190.100000000;50;9692047979;B
20240222;102458;190.120000000;110;9692047980;B
20240222;102500;190.080000000;10;9692048641;S
20240222;102500;190.060000000;80;9692048642;B
20240222;102500;190.060000000;40;9692048643;B
20240222;102502;190.040000000;40;9692049511;B
20240222;102502;190.040000000;30;9692049519;B
20240222;102503;190.040000000;20;9692049610;B
20240222;102503;190.060000000;20;9692049611;B
20240222;102503;190.060000000;30;9692049618;B
20240222;102508;190.060000000;10;9692050237;B
20240222;102513;190.060000000;50;9692051967;B
20240222;102514;190.060000000;160;9692052367;B
20240222;102517;190.140000000;80;9692053162;B
20240222;102517;190.160000000;80;9692053163;B
20240222;102517;190.180000000;1160;9692053164;B
20240222;102517;190.200000000;500;9692053165;B
20240222;102517;190.200000000;100;9692053166;B
20240222;102517;190.220000000;500;9692053167;B
20240222;102517;190.240000000;40;9692053168;B
20240222;102517;190.280000000;20;9692053169;B
20240222;102517;190.280000000;320;9692053170;B
20240222;102517;190.300000000;500;9692053171;B
20240222;102517;190.300000000;10;9692053172;B
20240222;102517;190.300000000;10;9692053173;B
20240222;102517;190.300000000;1680;9692053174;B
20240222;102519;190.320000000;50;9692053514;B
20240222;102519;190.360000000;530;9692053515;B
20240222;102519;190.380000000;40;9692053516;B
20240222;102519;190.380000000;500;9692053517;B
20240222;102519;190.400000000;490;9692053518;B
20240222;102519;190.400000000;220;9692053519;B
20240222;102519;190.400000000;20;9692053520;B
20240222;102519;190.420000000;2800;9692053521;B
20240222;102519;190.420000000;350;9692053522;B
20240222;102523;190.400000000;40;9692054264;B
20240222;102523;190.420000000;50;9692054265;B
20240222;102527;190.420000000;50;9692054760;S
20240222;102527;190.420000000;20;9692054846;S
20240222;102527;190.420000000;20;9692054851;S
20240222;102527;190.420000000;10;9692054854;S
20240222;102527;190.420000000;10;9692054872;S
20240222;102528;190.440000000;70;9692054877;B
20240222;102528;190.420000000;10;9692054910;S
20240222;102528;190.420000000;20;9692054911;S
20240222;102528;190.420000000;10;9692054952;S
20240222;102528;190.420000000;10;9692054984;S
20240222;102529;190.440000000;10;9692055018;B
20240222;102529;190.420000000;10;9692055080;S
20240222;102531;190.420000000;10;9692055442;S
20240222;102536;190.460000000;20;9692055959;B
20240222;102537;190.460000000;10;9692056055;B
20240222;102541;190.420000000;10;9692056579;S
20240222;102543;190.440000000;120;9692056773;B
20240222;102556;190.460000000;50;9692059083;B
20240222;102558;190.460000000;20;9692059362;B
20240222;102600;190.460000000;110;9692059578;B
20240222;102606;190.460000000;10;9692060200;B
20240222;102608;190.420000000;10;9692060566;S
20240222;102622;190.420000000;50;9692062597;B
20240222;102625;190.380000000;10;9692062936;B
20240222;102628;190.420000000;10;9692063314;B
20240222;102630;190.280000000;100;9692063856;S
20240222;102630;190.260000000;350;9692063857;S
20240222;102630;190.260000000;200;9692063858;S
20240222;102630;190.240000000;500;9692063859;S
20240222;102630;190.220000000;100;9692063870;B
20240222;102635;190.200000000;20;9692064494;B
20240222;102637;190.200000000;10;9692064712;B
20240222;102638;190.200000000;10;9692064765;B
20240222;102643;190.200000000;30;9692065286;B
20240222;102652;190.200000000;10;9692066459;B
20240222;102718;190.080000000;100;9692069915;S
20240222;102723;190.060000000;40;9692070521;S
20240222;102723;190.060000000;60;9692070522;S
20240222;102723;190.040000000;10;9692070523;S
20240222;102723;190.040000000;260;9692070524;S
20240222;102723;190.020000000;10;9692070525;S
20240222;102723;190.020000000;50;9692070526;S
20240222;102723;190.020000000;10;9692070527;S
20240222;102723;190.020000000;600;9692070528;S
20240222;102726;190.120000000;80;9692071219;B
20240222;102726;190.120000000;50;9692071220;B
20240222;102726;190.140000000;70;9692071221;B
20240222;102728;190.120000000;10;9692071400;B
20240222;102728;190.120000000;30;9692071461;B
20240222;102728;190.120000000;10;9692071462;B
20240222;102728;190.140000000;20;9692071463;B
20240222;102728;190.140000000;60;9692071464;B
20240222;102728;190.160000000;140;9692071465;B
20240222;102739;190.040000000;20;9692073255;S
20240222;102750;190.080000000;60;9692074876;B
20240222;102750;190.100000000;40;9692074877;B
20240222;102755;190.060000000;30;9692075457;S
20240222;102758;190.120000000;30;9692075840;B
20240222;102758;190.120000000;60;9692075841;B
20240222;102758;190.120000000;70;9692075842;B
20240222;102800;190.140000000;530;9692076082;B
20240222;102800;190.140000000;20;9692076083;B
20240222;102808;190.120000000;10;9692076810;B
20240222;102814;190.120000000;20;9692078478;B
20240222;102821;190.060000000;30;9692079329;S
20240222;102823;190.040000000;10;9692079564;S
20240222;102828;190.080000000;10;9692080192;B
20240222;102833;190.060000000;60;9692080975;B
20240222;102833;190.080000000;30;9692080976;B
20240222;102833;190.080000000;10;9692080977;B
20240222;102837;190.100000000;30;9692081501;B
20240222;102848;190.040000000;20;9692082504;S
20240222;102848;190.040000000;100;9692082505;S
20240222;102848;190.020000000;80;9692082506;S
20240222;102848;190.020000000;60;9692082507;S
20240222;102848;190.000000000;30;9692082508;S
20240222;102848;190.000000000;10;9692082509;S
20240222;102848;190.000000000;100;9692082510;S
20240222;102848;190.000000000;20;9692082511;S
20240222;102848;190.000000000;20;9692082512;S
20240222;102848;190.000000000;500;9692082513;S
20240222;102848;190.000000000;50;9692082514;S
20240222;102848;190.000000000;200;9692082515;S
20240222;102848;190.000000000;10;9692082516;S
20240222;102848;190.000000000;300;9692082517;S
20240222;102848;190.000000000;10;9692082526;B
20240222;102848;190.000000000;10;9692082528;B
20240222;102848;190.000000000;10;9692082535;B
20240222;102850;190.000000000;30;9692082741;B
20240222;102855;189.980000000;10;9692083307;S
20240222;102855;190.000000000;10;9692083323;B
20240222;102855;190.000000000;150;9692083343;B
20240222;102858;190.000000000;5750;9692083594;B
20240222;102858;190.000000000;1900;9692083645;B
20240222;102903;190.000000000;10;9692084206;B
20240222;102905;189.980000000;100;9692084435;S
20240222;102907;189.920000000;250;9692084760;S
20240222;102922;189.980000000;20;9692086521;B
20240222;102928;189.980000000;80;9692087061;B
20240222;102928;190.000000000;380;9692087062;B
20240222;102935;189.920000000;70;9692087833;S
20240222;102935;189.920000000;20;9692087834;S
20240222;102935;189.920000000;100;9692087835;S
20240222;102947;189.920000000;10;9692089335;B
20240222;102947;189.900000000;5000;9692089338;S
20240222;102948;189.920000000;200;9692089468;B
20240222;102950;189.920000000;80;9692089555;B
20240222;102950;189.900000000;20;9692089569;S
20240222;102951;189.920000000;300;9692089613;B
20240222;102954;189.920000000;240;9692089859;B
20240222;102956;189.920000000;20;9692090136;B
20240222;102958;189.920000000;70;9692090209;B
20240222;102958;189.920000000;80;9692090210;B
20240222;102958;189.940000000;130;9692090211;B
20240222;102958;189.960000000;20;9692090212;B
20240222;102958;189.960000000;10;9692090213;B
20240222;102958;189.960000000;500;9692090214;B
20240222;102958;189.980000000;80;9692090215;B
20240222;102958;189.980000000;320;9692090216;B
20240222;103001;189.980000000;380;9692090658;B
20240222;103001;189.980000000;20;9692090659;B
20240222;103001;189.980000000;50;9692090660;B
20240222;103001;190.000000000;750;9692090661;B
20240222;103001;190.000000000;1000;9692090662;B
20240222;103001;190.000000000;800;9692090663;B
20240222;103001;190.000000000;1000;9692090664;B
20240222;103001;190.000000000;1000;9692090665;B
20240222;103001;190.000000000;500;9692090666;B
20240222;103001;190.000000000;60;9692090667;B
20240222;103001;190.000000000;100;9692090668;B
20240222;103001;190.000000000;1000;9692090669;B
20240222;103001;190.000000000;10;9692090670;B
20240222;103001;189.980000000;100;9692090671;S
20240222;103001;190.000000000;1000;9692090672;B
20240222;103001;190.000000000;500;9692090673;B
20240222;103001;189.980000000;900;9692090674;S
20240222;103001;190.000000000;300;9692090675;B
20240222;103001;189.980000000;800;9692090676;S
20240222;103001;189.980000000;200;9692090677;S
20240222;103001;190.000000000;700;9692090678;B
20240222;103002;190.000000000;140;9692090698;B
20240222;103002;190.000000000;200;9692090699;B
20240222;103002;190.000000000;100;9692090752;B
20240222;103002;189.980000000;1000;9692090753;S
20240222;103002;189.980000000;500;9692090754;S
20240222;103004;189.980000000;10;9692091052;S
20240222;103004;190.000000000;500;9692091111;B
20240222;103007;190.000000000;500;9692091425;B
20240222;103008;190.000000000;10;9692091497;B
20240222;103010;190.000000000;180;9692091676;B
20240222;103011;190.000000000;60;9692091734;B
20240222;103012;190.000000000;60;9692091835;B
20240222;103013;190.000000000;500;9692091875;B
20240222;103016;190.000000000;500;9692092085;B
20240222;103019;190.000000000;500;9692092358;B
20240222;103019;190.000000000;90;9692092359;B
20240222;103019;190.000000000;1160;9692092360;B
20240222;103020;189.980000000;490;9692092471;S
20240222;103020;189.980000000;1000;9692092472;S
20240222;103020;189.980000000;1000;9692092473;S
20240222;103020;189.980000000;500;9692092474;S
20240222;103020;189.980000000;530;9692092475;S
20240222;103020;189.980000000;1480;9692092476;S
20240222;103020;189.960000000;600;9692092477;S
20240222;103021;190.000000000;380;9692092587;B
20240222;103021;190.000000000;10;9692092676;B
20240222;103022;190.000000000;110;9692092697;B
20240222;103022;189.980000000;140;9692092779;S
20240222;103024;190.000000000;10;9692092941;B
20240222;103025;190.000000000;10;9692093125;B
20240222;103027;190.000000000;130;9692093295;B
20240222;103028;189.980000000;10;9692093312;S
20240222;103028;190.000000000;3140;9692093320;B
20240222;103029;190.000000000;20;9692093413;B
20240222;103029;190.000000000;150;9692093436;B
20240222;103032;189.980000000;150;9692093841;S
20240222;103035;190.000000000;40;9692094051;B
20240222;103039;190.000000000;10;9692094546;B
20240222;103039;190.000000000;110;9692094547;B
20240222;103042;189.980000000;30;9692094768;S
20240222;103042;189.980000000;30;9692094769;S
20240222;103044;189.980000000;280;9692094979;S
20240222;103044;189.960000000;530;9692094980;S
20240222;103044;189.960000000;440;9692094981;S
20240222;103047;190.000000000;500;9692095243;B
20240222;103053;190.000000000;10;9692095971;B
20240222;103053;190.000000000;10;9692095972;B
20240222;103054;190.000000000;500;9692096136;B
20240222;103055;190.000000000;20;9692096314;B
20240222;103057;190.000000000;500;9692096460;B
20240222;103058;190.000000000;30;9692096541;B
20240222;103058;189.980000000;140;9692096745;S
20240222;103058;189.960000000;360;9692096746;S
20240222;103100;190.000000000;700;9692096971;B
20240222;103100;190.000000000;10;9692097036;B
20240222;103102;190.000000000;70;9692097192;B
20240222;103103;189.960000000;20;9692097249;S
20240222;103104;190.000000000;90;9692097338;B
20240222;103108;190.000000000;20;9692097702;B
20240222;103111;190.000000000;10;9692098038;B
20240222;103119;189.980000000;70;9692099408;S
20240222;103124;190.000000000;20;9692099849;B
20240222;103124;190.000000000;50;9692099851;B
20240222;103124;190.000000000;10;9692099883;B
20240222;103141;190.000000000;110;9692101559;B
20240222;103141;190.000000000;10;9692101572;B
20240222;103146;190.000000000;10;9692102298;B
20240222;103151;190.000000000;500;9692102975;B
20240222;103151;190.000000000;200;9692103017;B
20240222;103153;189.960000000;160;9692103249;S
20240222;103153;189.960000000;1590;9692103250;S
20240222;103153;189.960000000;250;9692103251;S
20240222;103158;190.000000000;110;9692103701;B
20240222;103200;190.000000000;230;9692103963;B
20240222;103202;190.000000000;140;9692104250;B
20240222;103202;190.000000000;300;9692104252;B
20240222;103207;190.000000000;10;9692104798;B
20240222;103211;190.000000000;10;9692105116;B
20240222;103211;190.000000000;30;9692105184;B
20240222;103220;189.960000000;80;9692105977;S
20240222;103220;189.940000000;500;9692106010;S
20240222;103221;189.980000000;20;9692106195;B
20240222;103221;189.980000000;30;9692106196;B
20240222;103221;190.000000000;240;9692106197;B
20240222;103221;190.000000000;370;9692106277;B
20240222;103227;190.000000000;200;9692106824;B
20240222;103228;190.000000000;270;9692106963;B
20240222;103229;189.980000000;10;9692107055;S
20240222;103230;190.000000000;300;9692107238;B
20240222;103230;190.000000000;30;9692107243;B
20240222;103230;190.000000000;20;9692107244;B
20240222;103230;190.000000000;300;9692107245;B
20240222;103230;190.000000000;5000;9692107269;B
20240222;103230;190.000000000;300;9692107275;B
20240222;103230;190.000000000;300;9692107342;B
20240222;103230;190.000000000;2970;9692107360;B
20240222;103230;190.000000000;20;9692107386;B
20240222;103230;190.000000000;200;9692107401;B
20240222;103230;190.000000000;30;9692107486;B
20240222;103231;190.000000000;30;9692107604;B
20240222;103231;190.000000000;30;9692107658;B
20240222;103231;190.000000000;400;9692107660;B
20240222;103232;190.000000000;30;9692107801;B
20240222;103232;190.000000000;140;9692107816;B
20240222;103233;190.000000000;30;9692107859;B
20240222;103233;189.980000000;20;9692107879;S
20240222;103233;190.000000000;100;9692107891;B
20240222;103236;190.000000000;50;9692108322;B
20240222;103237;190.000000000;20;9692108407;B
20240222;103237;190.000000000;90;9692108553;B
20240222;103239;190.000000000;10;9692108776;B
20240222;103239;190.000000000;710;9692108790;B
20240222;103239;190.000000000;20;9692108791;B
20240222;103239;190.000000000;70;9692108792;B
20240222;103239;190.000000000;10;9692108793;B
20240222;103239;190.000000000;20;9692108796;B
20240222;103242;190.000000000;90;9692109209;B
20240222;103242;190.000000000;10;9692109210;B
20240222;103242;190.000000000;200;9692109312;B
20240222;103242;190.020000000;10;9692109313;B
20240222;103242;190.100000000;10;9692109397;B
20240222;103242;190.100000000;110;9692109414;B
20240222;103242;190.100000000;10;9692109415;B
20240222;103242;190.120000000;10;9692109426;B
20240222;103242;190.120000000;20;9692109427;B
20240222;103242;190.140000000;30;9692109445;B
20240222;103242;190.140000000;370;9692109468;B
20240222;103242;190.140000000;890;9692109487;B
20240222;103242;190.140000000;10;9692109542;B
20240222;103243;190.140000000;440;9692109662;B
20240222;103243;190.160000000;100;9692109663;B
20240222;103243;190.160000000;10;9692109664;B
20240222;103243;190.160000000;40;9692109724;B
20240222;103243;190.180000000;50;9692109726;B
20240222;103243;190.180000000;20;9692109727;B
20240222;103243;190.200000000;420;9692109728;B
20240222;103243;190.200000000;10;9692109736;B
20240222;103245;190.200000000;1000;9692110081;B
20240222;103245;190.200000000;1000;9692110129;B
20240222;103247;190.200000000;120;9692110341;B
20240222;103253;190.200000000;10;9692111162;B
20240222;103257;190.200000000;30;9692111639;B
20240222;103258;190.200000000;410;9692111702;B
20240222;103300;190.240000000;10;9692111976;B
20240222;103300;190.240000000;20;9692112020;B
20240222;103300;190.240000000;100;9692112021;B
20240222;103301;190.240000000;30;9692112109;B
20240222;103301;190.240000000;20;9692112110;B
20240222;103305;190.240000000;620;9692112640;B
20240222;103308;190.240000000;130;9692112932;B
20240222;103312;190.240000000;10;9692113447;B
20240222;103317;190.220000000;230;9692114008;S
20240222;103317;190.220000000;50;9692114037;B
20240222;103320;190.220000000;20;9692114256;B
20240222;103320;190.240000000;70;9692114257;B
20240222;103320;190.240000000;10;9692114327;B
20240222;103322;190.240000000;10510;9692114470;B
20240222;103323;190.240000000;240;9692114622;B
20240222;103324;190.260000000;20;9692114747;B
20240222;103326;190.420000000;10;9692114955;B
20240222;103328;190.460000000;280;9692115161;B
20240222;103328;190.460000000;20;9692115162;B
20240222;103328;190.460000000;20;9692115163;B
20240222;103334;190.440000000;10;9692115821;B
20240222;103335;190.440000000;10;9692115883;B
20240222;103337;190.420000000;10;9692116066;S
20240222;103338;190.440000000;360;9692116133;B
20240222;103341;190.440000000;10;9692116556;B
20240222;103343;190.440000000;10;9692116722;B
20240222;103343;190.440000000;10;9692116768;B
20240222;103353;190.440000000;590;9692117770;B
20240222;103353;190.440000000;170;9692117771;B
20240222;103353;190.460000000;530;9692117772;B
20240222;103353;190.460000000;10;9692117773;B
20240222;103353;190.460000000;700;9692117774;B
20240222;103356;190.440000000;10;9692118039;B
20240222;103357;190.460000000;10;9692118115;B
20240222;103357;190.460000000;880;9692118184;B
20240222;103357;190.460000000;170;9692118185;B
20240222;103357;190.480000000;150;9692118186;B
20240222;103357;190.480000000;800;9692118187;B
20240222;103358;190.480000000;200;9692118202;B
20240222;103358;190.480000000;250;9692118203;B
20240222;103406;190.480000000;40;9692119200;B
20240222;103407;190.480000000;10;9692119444;B
20240222;103408;190.480000000;50;9692119599;B
20240222;103408;190.480000000;50;9692119684;B
20240222;103410;190.480000000;200;9692119975;B
20240222;103418;190.440000000;10;9692120979;S
20240222;103418;190.440000000;10;9692120980;S
20240222;103418;190.440000000;340;9692120981;S
20240222;103418;190.420000000;10;9692120982;S
20240222;103418;190.420000000;60;9692120983;S
20240222;103420;190.480000000;50;9692121272;B
20240222;103426;190.480000000;10;9692122031;B
20240222;103426;190.480000000;170;9692122032;B
20240222;103426;190.480000000;1590;9692122033;B
20240222;103426;190.500000000;70;9692122034;B
20240222;103426;190.500000000;1500;9692122035;B
20240222;103426;190.500000000;70;9692122036;B
20240222;103426;190.500000000;250;9692122037;B
20240222;103426;190.520000000;500;9692122038;B
20240222;103426;190.540000000;500;9692122039;B
20240222;103426;190.580000000;1310;9692122040;B
20240222;103426;190.600000000;1000;9692122041;B
20240222;103426;190.600000000;300;9692122042;B
20240222;103426;190.600000000;40;9692122043;B
20240222;103426;190.620000000;530;9692122044;B
20240222;103426;190.620000000;260;9692122045;B
20240222;103426;190.640000000;400;9692122046;B
20240222;103426;190.660000000;150;9692122047;B
20240222;103426;190.660000000;150;9692122048;B
20240222;103426;190.660000000;30;9692122049;B
20240222;103426;190.660000000;500;9692122050;B
20240222;103426;190.660000000;170;9692122051;B
20240222;103426;190.680000000;500;9692122052;B
20240222;103426;190.560000000;300;9692122070;S
20240222;103427;190.660000000;30;9692122093;B
20240222;103428;190.600000000;10;9692122250;B
20240222;103428;190.560000000;30;9692122430;S
20240222;103431;190.580000000;10;9692122755;B
20240222;103432;190.560000000;10;9692122787;S
20240222;103432;190.600000000;400;9692122848;B
20240222;103438;190.620000000;40;9692123511;B
20240222;103438;190.660000000;690;9692123546;B
20240222;103438;190.660000000;70;9692123547;B
20240222;103438;190.680000000;4240;9692123548;B
20240222;103439;190.680000000;4710;9692123643;B
20240222;103439;190.700000000;290;9692123644;B
20240222;103440;190.700000000;260;9692123714;B
20240222;103440;190.700000000;150;9692123715;B
20240222;103440;190.700000000;2090;9692123716;B
20240222;103440;190.700000000;500;9692123743;B
20240222;103440;190.700000000;50;9692123756;B
20240222;103440;190.700000000;50;9692123758;B
20240222;103441;190.640000000;50;9692123884;S
20240222;103443;190.660000000;40;9692124012;S
20240222;103443;190.640000000;30;9692124013;S
20240222;103448;190.700000000;20;9692124390;B
20240222;103451;190.660000000;200;9692124663;S
20240222;103454;190.680000000;20;9692124994;S
20240222;103455;190.700000000;10;9692125129;B
20240222;103455;190.700000000;1690;9692125180;B
20240222;103455;190.700000000;20;9692125181;B
20240222;103455;190.700000000;260;9692125182;B
20240222;103455;190.700000000;540;9692125183;B
20240222;103457;190.680000000;10;9692125318;S
20240222;103458;190.700000000;770;9692125332;B
20240222;103458;190.720000000;10;9692125399;B
20240222;103459;190.680000000;40;9692125417;S
20240222;103459;190.680000000;280;9692125418;S
20240222;103459;190.680000000;90;9692125419;B
20240222;103501;190.680000000;80;9692125618;B
20240222;103501;190.680000000;10;9692125622;B
20240222;103501;190.760000000;10;9692125642;B
20240222;103506;190.760000000;10;9692126462;B
20240222;103508;190.780000000;10;9692126661;B
20240222;103508;190.780000000;270;9692126662;B
20240222;103508;190.800000000;10;9692126665;B
20240222;103522;190.780000000;140;9692128176;B
20240222;103522;190.780000000;90;9692128314;B
20240222;103524;190.780000000;60;9692128583;B
20240222;103524;190.780000000;10;9692128682;B
20240222;103524;190.780000000;20;9692128683;B
20240222;103524;190.800000000;10;9692128684;B
20240222;103524;190.800000000;40;9692128685;B
20240222;103528;190.780000000;200;9692129075;B
20240222;103528;190.780000000;170;9692129076;B
20240222;103528;190.780000000;50;9692129133;B
20240222;103531;190.780000000;250;9692129381;B
20240222;103534;190.780000000;20;9692129760;B
20240222;103536;190.760000000;100;9692129939;S
20240222;103536;190.760000000;20;9692129944;S
20240222;103538;190.760000000;480;9692130188;B
20240222;103538;190.760000000;170;9692130189;B
20240222;103547;190.780000000;10;9692131115;B
20240222;103548;190.740000000;170;9692131305;S
20240222;103548;190.720000000;750;9692131306;S
20240222;103548;190.780000000;80;9692131330;B
20240222;103550;190.780000000;10;9692131540;B
20240222;103551;190.780000000;10;9692131710;B
20240222;103552;190.780000000;1000;9692131812;B
20240222;103553;190.780000000;130;9692131927;B
20240222;103553;190.780000000;10;9692131928;B
20240222;103553;190.780000000;260;9692131929;B
20240222;103557;190.780000000;20;9692132344;B
20240222;103558;190.780000000;250;9692132433;B
20240222;103558;190.800000000;230;9692132434;B
20240222;103608;190.780000000;630;9692133458;B
20240222;103608;190.780000000;10;9692133471;B
20240222;103608;190.780000000;420;9692133479;B
20240222;103614;190.780000000;10;9692134435;S
20240222;103615;190.760000000;860;9692134666;B
20240222;103620;190.780000000;40;9692135154;B
20240222;103627;190.760000000;70;9692135769;S
20240222;103627;190.740000000;80;9692135770;S
20240222;103628;190.780000000;220;9692135859;B
20240222;103633;190.760000000;50;9692136495;B
20240222;103638;190.760000000;30;9692136872;B
20240222;103639;190.760000000;50;9692136983;B
20240222;103640;190.760000000;10;9692137172;B
20240222;103642;190.720000000;200;9692137411;S
20240222;103651;190.760000000;30;9692138310;B
20240222;103658;190.760000000;30;9692138946;B
20240222;103715;190.760000000;170;9692141116;B
20240222;103718;190.760000000;20;9692141608;B
20240222;103719;190.680000000;20;9692141723;S
20240222;103719;190.660000000;270;9692141724;S
20240222;103719;190.660000000;80;9692141725;S
20240222;103719;190.660000000;170;9692141726;S
20240222;103719;190.640000000;1900;9692141727;S
20240222;103719;190.620000000;240;9692141728;S
20240222;103719;190.620000000;110;9692141729;S
20240222;103719;190.640000000;100;9692141730;B
20240222;103720;190.620000000;10;9692141865;S
20240222;103720;190.560000000;80;9692141974;S
20240222;103720;190.560000000;20;9692141975;S
20240222;103722;190.540000000;5000;9692142124;S
20240222;103722;190.500000000;50;9692142125;S
20240222;103722;190.500000000;10;9692142126;S
20240222;103722;190.500000000;10;9692142127;S
20240222;103722;190.500000000;10;9692142128;S
20240222;103722;190.500000000;10;9692142129;S
20240222;103723;190.500000000;110;9692142238;B
20240222;103728;190.500000000;20;9692142750;B
20240222;103728;190.500000000;170;9692142751;B
20240222;103728;190.440000000;10;9692142781;S
20240222;103730;190.440000000;90;9692143022;S
20240222;103730;190.440000000;10;9692143023;S
20240222;103734;190.440000000;10;9692143419;B
20240222;103735;190.440000000;10;9692143558;B
20240222;103738;190.440000000;80;9692143822;B
20240222;103743;190.400000000;30;9692144387;S
20240222;103743;190.400000000;10;9692144388;S
20240222;103743;190.400000000;300;9692144389;S
20240222;103743;190.380000000;170;9692144390;S
20240222;103743;190.360000000;130;9692144391;S
20240222;103743;190.360000000;20;9692144392;S
20240222;103743;190.320000000;20;9692144393;S
20240222;103743;190.320000000;500;9692144394;S
20240222;103743;190.300000000;290;9692144395;S
20240222;103743;190.300000000;130;9692144396;S
20240222;103743;190.280000000;100;9692144397;S
20240222;103743;190.280000000;20;9692144398;S
20240222;103744;190.260000000;50;9692144405;B
20240222;103744;190.220000000;40;9692144479;S
20240222;103744;190.200000000;100;9692144480;S
20240222;103744;190.200000000;2000;9692144481;S
20240222;103744;190.180000000;170;9692144482;S
20240222;103744;190.120000000;130;9692144483;S
20240222;103744;190.120000000;500;9692144484;S
20240222;103744;190.100000000;20;9692144485;S
20240222;103744;190.100000000;1310;9692144486;S
20240222;103744;190.060000000;600;9692144487;S
20240222;103744;190.040000000;130;9692144488;S
20240222;103745;190.180000000;10;9692144555;B
20240222;103746;190.080000000;200;9692144681;S
20240222;103746;190.060000000;1310;9692144682;S
20240222;103746;190.040000000;170;9692144683;S
20240222;103746;190.040000000;170;9692144684;S
20240222;103746;190.020000000;170;9692144685;S
20240222;103746;190.000000000;580;9692144686;S
20240222;103746;190.000000000;100;9692144687;S
20240222;103746;190.000000000;10;9692144688;S
20240222;103746;190.000000000;500;9692144689;S
20240222;103746;189.980000000;10;9692144690;S
20240222;103746;189.980000000;200;9692144691;S
20240222;103746;189.960000000;50;9692144692;S
20240222;103746;189.960000000;1530;9692144693;S
20240222;103758;190.020000000;20;9692145787;B
20240222;103758;190.040000000;200;9692145788;B
20240222;103758;190.060000000;160;9692145789;B
20240222;103758;190.080000000;500;9692145790;B
20240222;103758;190.120000000;50;9692145791;B
20240222;103758;190.140000000;700;9692145792;B
20240222;103758;190.140000000;20;9692145793;B
20240222;103758;190.200000000;270;9692145794;B
20240222;103758;190.200000000;300;9692145795;S
20240222;103758;190.200000000;590;9692145796;S
20240222;103758;190.200000000;3660;9692145797;S
20240222;103759;190.160000000;260;9692145943;B
20240222;103759;190.180000000;500;9692145944;B
20240222;103759;190.240000000;1240;9692145945;B
20240222;103801;190.080000000;20;9692146165;S
20240222;103801;190.080000000;10;9692146166;S
20240222;103801;190.080000000;270;9692146167;S
20240222;103801;190.060000000;200;9692146168;S
20240222;103801;190.060000000;80;9692146169;S
20240222;103801;190.040000000;20;9692146170;S
20240222;103810;190.160000000;270;9692147586;B
20240222;103810;190.160000000;500;9692147587;B
20240222;103810;190.200000000;240;9692147588;B
20240222;103812;190.080000000;10;9692147931;S
20240222;103812;190.080000000;10;9692147932;S
20240222;103816;190.180000000;10;9692148367;B
20240222;103823;190.120000000;20;9692149104;S
20240222;103823;190.220000000;10;9692149115;B
20240222;103828;190.200000000;30;9692149699;B
20240222;103828;190.220000000;70;9692149700;B
20240222;103828;190.220000000;50;9692149701;B
20240222;103838;190.260000000;530;9692150638;B
20240222;103841;190.280000000;10;9692151016;B
20240222;103842;190.160000000;10;9692151164;S
20240222;103842;190.280000000;10;9692151183;B
20240222;103849;190.280000000;10;9692152014;B
20240222;103853;190.280000000;100;9692152300;B
20240222;103858;190.280000000;550;9692152696;B
20240222;103858;190.280000000;1000;9692152697;B
20240222;103908;190.300000000;2670;9692154016;B
20240222;103909;190.300000000;500;9692154290;B
20240222;103918;190.300000000;200;9692155596;B
20240222;103919;190.300000000;30;9692155775;B
20240222;103925;190.300000000;1000;9692156472;B
20240222;103926;190.300000000;140;9692156591;B
20240222;103928;190.300000000;690;9692156724;B
20240222;103936;190.300000000;10;9692157951;B
20240222;103938;190.300000000;110;9692158183;B
20240222;103941;190.300000000;10;9692158489;B
20240222;103944;190.300000000;10;9692158720;B
20240222;103953;190.300000000;10;9692159537;B
20240222;103958;190.300000000;20;9692160001;B
20240222;104001;190.300000000;30;9692160398;B
20240222;104011;190.240000000;100;9692161351;S
20240222;104018;190.300000000;10;9692162047;B
20240222;104019;190.260000000;20;9692162192;S
20240222;104019;190.240000000;60;9692162193;S
20240222;104019;190.300000000;110;9692162234;B
20240222;104028;190.300000000;20;9692163031;B
20240222;104031;190.260000000;20;9692163435;S
20240222;104038;190.300000000;10;9692163985;B
20240222;104040;190.260000000;150;9692164120;S
20240222;104042;190.260000000;100;9692164392;S
20240222;104047;190.300000000;10;9692164963;B
20240222;104049;190.300000000;10;9692165082;B
20240222;104049;190.260000000;20;9692165116;S
20240222;104056;190.300000000;250;9692165708;B
20240222;104058;190.300000000;10;9692165858;B
20240222;104058;190.300000000;10;9692165859;B
20240222;104102;190.340000000;10;9692166313;B
20240222;104108;190.340000000;10;9692166787;B
20240222;104108;190.340000000;20;9692166788;B
20240222;104108;190.340000000;10;9692166789;B
20240222;104109;190.360000000;10;9692166995;B
20240222;104115;190.360000000;50;9692167667;B
20240222;104128;190.360000000;10;9692168636;B
20240222;104130;190.280000000;10;9692168835;S
20240222;104138;190.360000000;10;9692169488;B
20240222;104140;190.360000000;20;9692169797;B
20240222;104145;190.360000000;140;9692170356;B
20240222;104148;190.360000000;30;9692170641;B
20240222;104149;190.360000000;30;9692170715;B
20240222;104149;190.360000000;30;9692170744;B
20240222;104151;190.360000000;30;9692170903;B
20240222;104151;190.360000000;30;9692170925;B
20240222;104158;190.360000000;40;9692171498;B
20240222;104200;190.360000000;30;9692171696;B
20240222;104204;190.360000000;70;9692172084;B
20240222;104204;190.360000000;130;9692172085;B
20240222;104208;190.360000000;50;9692172432;B
20240222;104214;190.300000000;30;9692173022;S
20240222;104214;190.300000000;230;9692173023;S
20240222;104214;190.280000000;1580;9692173024;S
20240222;104214;190.280000000;80;9692173025;S
20240222;104214;190.280000000;80;9692173026;S
20240222;104217;190.280000000;10;9692173757;S
20240222;104228;190.360000000;150;9692174707;B
20240222;104234;190.340000000;20;9692175331;B
20240222;104238;190.340000000;20;9692175566;B
20240222;104255;190.340000000;100;9692177017;S
20240222;104255;190.300000000;10;9692177018;S
20240222;104256;190.360000000;80;9692177182;B
20240222;104257;190.360000000;20;9692177275;B
20240222;104257;190.360000000;20;9692177276;B
20240222;104257;190.360000000;80;9692177277;B
20240222;104257;190.400000000;50;9692177278;B
20240222;104258;190.400000000;50;9692177391;B
20240222;104311;190.460000000;10;9692178673;B
20240222;104314;190.460000000;40;9692178873;B
20240222;104314;190.460000000;40;9692178874;B
20240222;104314;190.480000000;20;9692178875;B
20240222;104326;190.380000000;80;9692179869;S
20240222;104326;190.360000000;90;9692179870;S
20240222;104326;190.340000000;20;9692179871;S
20240222;104326;190.340000000;1590;9692179872;S
20240222;104326;190.340000000;1900;9692179873;S
20240222;104326;190.320000000;500;9692179874;S
20240222;104326;190.320000000;700;9692179875;S
20240222;104326;190.300000000;10;9692179876;S
20240222;104326;190.300000000;110;9692179877;S
20240222;104328;190.420000000;80;9692179997;B
20240222;104335;190.400000000;50;9692180698;B
20240222;104336;190.400000000;150;9692180768;B
20240222;104336;190.420000000;130;9692180769;B
20240222;104336;190.420000000;500;9692180770;B
20240222;104336;190.480000000;1220;9692180771;B
20240222;104338;190.480000000;90;9692180967;B
20240222;104338;190.480000000;490;9692180968;B
20240222;104341;190.480000000;10;9692181254;B
20240222;104341;190.480000000;10;9692181255;B
20240222;104344;190.460000000;50;9692181510;B
20240222;104344;190.460000000;50;9692181523;B
20240222;104344;190.460000000;50;9692181527;B
20240222;104344;190.460000000;130;9692181531;B
20240222;104344;190.480000000;50;9692181532;B
20240222;104344;190.480000000;180;9692181533;B
20240222;104344;190.480000000;100;9692181534;B
20240222;104344;190.480000000;100;9692181537;B
20240222;104351;190.500000000;130;9692182064;B
20240222;104351;190.500000000;280;9692182065;B
20240222;104352;190.480000000;50;9692182144;S
20240222;104352;190.420000000;20;9692182145;S
20240222;104352;190.360000000;140;9692182146;S
20240222;104352;190.340000000;10;9692182147;S
20240222;104352;190.340000000;200;9692182148;S
20240222;104352;190.320000000;170;9692182149;S
20240222;104352;190.320000000;110;9692182150;S
20240222;104356;190.380000000;140;9692182580;B
20240222;104356;190.380000000;500;9692182581;B
20240222;104356;190.460000000;1900;9692182582;B
20240222;104356;190.480000000;110;9692182583;B
20240222;104358;190.480000000;640;9692182676;B
20240222;104400;190.420000000;10;9692182852;S
20240222;104408;190.480000000;10;9692183490;B
20240222;104422;190.400000000;10;9692185024;B
20240222;104423;190.420000000;100;9692185125;B
20240222;104428;190.400000000;20;9692185457;B
20240222;104428;190.400000000;130;9692185458;B
20240222;104428;190.380000000;300;9692185463;S
20240222;104428;190.360000000;130;9692185464;S
20240222;104428;190.360000000;20;9692185465;S
20240222;104428;190.340000000;50;9692185466;S
20240222;104432;190.320000000;10;9692185776;S
20240222;104436;190.380000000;130;9692186126;B
20240222;104438;190.400000000;50;9692186259;B
20240222;104438;190.400000000;50;9692186260;B
20240222;104440;190.400000000;1590;9692186477;B
20240222;104440;190.420000000;920;9692186478;B
20240222;104440;190.420000000;190;9692186479;B
20240222;104440;190.420000000;500;9692186480;B
20240222;104440;190.420000000;130;9692186481;B
20240222;104440;190.480000000;20;9692186482;B
20240222;104440;190.480000000;10;9692186483;B
20240222;104440;190.480000000;140;9692186484;B
20240222;104440;190.500000000;120;9692186491;B
20240222;104440;190.500000000;1000;9692186492;B
20240222;104440;190.500000000;450;9692186493;B
20240222;104446;190.420000000;10;9692187239;B
20240222;104449;190.360000000;210;9692187476;S
20240222;104449;190.340000000;90;9692187477;S
20240222;104449;190.420000000;20;9692187495;B
20240222;104451;190.340000000;50;9692187813;S
20240222;104458;190.380000000;120;9692188738;B
20240222;104458;190.380000000;500;9692188739;B
20240222;104458;190.380000000;30;9692188740;S
20240222;104503;190.380000000;30;9692189721;B
20240222;104508;190.380000000;120;9692190384;B
20240222;104508;190.380000000;450;9692190385;B
20240222;104508;190.400000000;10;9692190453;S
20240222;104523;190.420000000;10;9692191849;B
20240222;104523;190.420000000;40;9692191850;B
20240222;104523;190.420000000;100;9692191851;B
20240222;104525;190.400000000;10;9692192118;S
20240222;104525;190.400000000;10;9692192119;S
20240222;104525;190.340000000;10;9692192120;S
20240222;104525;190.340000000;60;9692192121;S
20240222;104528;190.420000000;10;9692192323;B
20240222;104528;190.420000000;20;9692192324;B
20240222;104528;190.420000000;70;9692192325;B
20240222;104532;190.340000000;100;9692192817;S
20240222;104538;190.420000000;20;9692193850;B
20240222;104541;190.420000000;50;9692194193;B
20240222;104558;190.420000000;10;9692196209;B
20240222;104600;190.400000000;10;9692196532;S
20240222;104608;190.420000000;10;9692197401;B
20240222;104609;190.340000000;30;9692197530;S
20240222;104609;190.320000000;20;9692197531;S
20240222;104609;190.320000000;60;9692197532;S
20240222;104616;190.380000000;100;9692198629;B
20240222;104623;190.320000000;110;9692199400;S
20240222;104623;190.300000000;100;9692199401;S
20240222;104623;190.300000000;90;9692199402;S
20240222;104623;190.300000000;40;9692199403;S
20240222;104623;190.280000000;10;9692199404;S
20240222;104623;190.280000000;30;9692199405;S
20240222;104623;190.280000000;10;9692199406;S
20240222;104623;190.280000000;110;9692199407;S
20240222;104623;190.280000000;20;9692199408;S
20240222;104623;190.280000000;1900;9692199409;S
20240222;104623;190.280000000;1590;9692199410;S
20240222;104623;190.280000000;140;9692199411;S
20240222;104623;190.260000000;10;9692199412;S
20240222;104623;190.260000000;840;9692199413;S
20240222;104628;190.380000000;110;9692199877;B
20240222;104630;190.400000000;10;9692200049;B
20240222;104638;190.400000000;80;9692200966;B
20240222;104638;190.400000000;20;9692200967;B
20240222;104638;190.400000000;40;9692200968;B
20240222;104638;190.400000000;10;9692201022;B
20240222;104650;190.300000000;20;9692202622;S
20240222;104650;190.300000000;30;9692202623;S
20240222;104658;190.360000000;40;9692203393;B
20240222;104658;190.360000000;90;9692203450;B
20240222;104658;190.380000000;160;9692203451;B
20240222;104700;190.300000000;40;9692203668;S
20240222;104700;190.300000000;30;9692203682;S
20240222;104700;190.300000000;120;9692203683;S
20240222;104701;190.260000000;100;9692203833;S
20240222;104708;190.340000000;70;9692204491;B
20240222;104711;190.260000000;170;9692204894;S
20240222;104712;190.260000000;890;9692205001;S
20240222;104719;190.260000000;40;9692205771;B
20240222;104721;190.240000000;10;9692206015;S
20240222;104725;190.200000000;10;9692206535;S
20240222;104727;190.240000000;10;9692206725;B
20240222;104728;190.240000000;10;9692206734;B
20240222;104734;190.260000000;70;9692207268;B
20240222;104734;190.260000000;110;9692207269;B
20240222;104734;190.280000000;50;9692207270;B
20240222;104734;190.280000000;320;9692207271;B
20240222;104734;190.300000000;480;9692207272;B
20240222;104738;190.280000000;160;9692207776;B
20240222;104738;190.280000000;60;9692207777;S
20240222;104738;190.280000000;10;9692207778;S
20240222;104748;190.220000000;120;9692209396;S
20240222;104748;190.200000000;590;9692209397;S
20240222;104748;190.200000000;330;9692209398;S
20240222;104748;190.200000000;10;9692209399;S
20240222;104748;190.180000000;10;9692209400;S
20240222;104748;190.140000000;10;9692209401;S
20240222;104748;190.120000000;10;9692209402;S
20240222;104748;190.120000000;490;9692209403;S
20240222;104750;190.180000000;120;9692209695;B
20240222;104750;190.200000000;110;9692209696;B
20240222;104750;190.220000000;490;9692209697;B
20240222;104752;190.300000000;10;9692209900;B
20240222;104755;190.300000000;10;9692210098;B
20240222;104756;190.300000000;40;9692210346;B
20240222;104756;190.300000000;60;9692210347;B
20240222;104800;190.240000000;100;9692210749;S
20240222;104808;190.220000000;20;9692211485;S
20240222;104810;190.220000000;50;9692211647;S
20240222;104812;190.300000000;100;9692211818;B
20240222;104813;190.300000000;10;9692211983;B
20240222;104814;190.300000000;10;9692212062;B
20240222;104819;190.220000000;30;9692212598;S
20240222;104823;190.220000000;10;9692212941;S
20240222;104834;190.220000000;40;9692214184;S
20240222;104834;190.220000000;10;9692214185;S
20240222;104836;190.280000000;10;9692214313;B
20240222;104839;190.220000000;20;9692214594;S
20240222;104847;190.280000000;10;9692215676;B
20240222;104852;190.220000000;10;9692216264;S
20240222;104852;190.220000000;40;9692216265;S
20240222;104902;190.280000000;20;9692217885;B
20240222;104909;190.280000000;10;9692218843;B
20240222;104915;190.260000000;180;9692219394;B
20240222;104924;190.220000000;10;9692220387;S
20240222;104927;190.220000000;10;9692220752;S
20240222;104931;190.280000000;100;9692221136;B
20240222;104931;190.300000000;490;9692221137;B
20240222;104931;190.300000000;10;9692221138;B
20240222;104931;190.300000000;1310;9692221139;B
20240222;104931;190.300000000;90;9692221140;B
20240222;104938;190.300000000;160;9692221778;B
20240222;104944;190.300000000;280;9692222489;B
20240222;104945;190.300000000;10;9692222598;B
20240222;104949;190.300000000;10;9692223011;B
20240222;104958;190.280000000;90;9692223840;B
20240222;105005;190.260000000;20;9692224583;S
20240222;105005;190.240000000;100;9692224584;S
20240222;105005;190.240000000;50;9692224585;S
20240222;105008;190.300000000;10;9692224863;B
20240222;105008;190.300000000;100;9692224889;B
20240222;105012;190.280000000;10;9692225230;B
20240222;105021;190.260000000;10;9692226179;B
20240222;105022;190.260000000;50;9692226207;B
20240222;105024;190.260000000;1940;9692226446;B
20240222;105024;190.260000000;100;9692226447;B
20240222;105024;190.280000000;80;9692226448;B
20240222;105028;190.300000000;140;9692226753;B
20240222;105030;190.280000000;900;9692227079;S
20240222;105035;190.300000000;30;9692227632;B
20240222;105036;190.300000000;20;9692227795;B
20240222;105038;190.300000000;120;9692227881;B
20240222;105046;190.280000000;1000;9692228535;S
20240222;105051;190.300000000;10;9692229000;B
20240222;105054;190.280000000;10;9692229350;S
20240222;105054;190.280000000;130;9692229351;S
20240222;105054;190.280000000;100;9692229352;S
20240222;105054;190.280000000;100;9692229353;S
20240222;105058;190.300000000;20;9692229658;B
20240222;105058;190.300000000;130;9692229659;B
20240222;105103;190.300000000;10;9692230054;B
20240222;105106;190.300000000;240;9692230407;B
20240222;105106;190.300000000;100;9692230408;B
20240222;105106;190.300000000;20;9692230422;B
20240222;105106;190.300000000;10;9692230450;B
20240222;105106;190.300000000;10;9692230466;B
20240222;105106;190.300000000;10;9692230467;B
20240222;105107;190.300000000;10;9692230493;B
20240222;105107;190.300000000;10;9692230523;B
20240222;105107;190.300000000;10;9692230552;B
20240222;105107;190.300000000;10;9692230560;B
20240222;105107;190.300000000;20;9692230579;B
20240222;105107;190.300000000;10;9692230677;B
20240222;105107;190.300000000;10;9692230737;B
20240222;105107;190.300000000;10;9692230745;B
20240222;105107;190.360000000;10;9692230751;B
20240222;105127;190.400000000;100;9692232469;B
20240222;105127;190.400000000;20;9692232470;B
20240222;105128;190.420000000;20;9692232549;B
20240222;105128;190.420000000;20;9692232550;B
20240222;105128;190.420000000;20;9692232579;B
20240222;105131;190.440000000;20;9692233014;B
20240222;105138;190.460000000;10;9692233530;B
20240222;105138;190.460000000;60;9692233554;B
20240222;105139;190.480000000;440;9692233646;B
20240222;105155;190.460000000;10;9692235060;S
20240222;105155;190.420000000;10;9692235061;S
20240222;105155;190.400000000;30;9692235062;S
20240222;105158;190.480000000;80;9692235251;B
20240222;105203;190.460000000;10;9692235697;B
20240222;105204;190.400000000;10;9692235739;S
20240222;105207;190.460000000;30;9692236060;B
20240222;105207;190.480000000;790;9692236061;B
20240222;105207;190.480000000;40;9692236062;B
20240222;105207;190.500000000;500;9692236063;B
20240222;105207;190.500000000;40;9692236064;B
20240222;105207;190.520000000;1000;9692236065;B
20240222;105207;190.540000000;700;9692236066;B
20240222;105207;190.560000000;350;9692236067;B
20240222;105217;190.560000000;20;9692236856;S
20240222;105218;190.600000000;10;9692236874;B
20240222;105220;190.580000000;10;9692237123;S
20240222;105224;190.560000000;200;9692237551;S
20240222;105228;190.600000000;340;9692237933;B
20240222;105228;190.600000000;50;9692237934;B
20240222;105236;190.560000000;120;9692238681;S
20240222;105238;190.620000000;40;9692238882;B
20240222;105238;190.620000000;40;9692238883;B
20240222;105238;190.620000000;10;9692238884;S
20240222;105244;190.640000000;20;9692239413;B
20240222;105244;190.640000000;10;9692239414;B
20240222;105244;190.640000000;70;9692239415;B
20240222;105246;190.620000000;20;9692239640;B
20240222;105246;190.640000000;60;9692239641;B
20240222;105254;190.560000000;10;9692240267;S
20240222;105258;190.620000000;20;9692240531;B
20240222;105306;190.640000000;10;9692241336;B
20240222;105306;190.640000000;20;9692241337;B
20240222;105306;190.640000000;10;9692241338;S
20240222;105306;190.640000000;10;9692241339;S
20240222;105308;190.660000000;20;9692241438;B
20240222;105317;190.680000000;20;9692242273;B
20240222;105328;190.660000000;10;9692243104;B
20240222;105331;190.660000000;50;9692243424;B
20240222;105334;190.640000000;50;9692243789;S
20240222;105334;190.600000000;10;9692243790;S
20240222;105337;190.640000000;10;9692244045;B
20240222;105338;190.640000000;20;9692244067;B
20240222;105339;190.640000000;10;9692244197;B
20240222;105339;190.660000000;10;9692244198;B
20240222;105339;190.660000000;20;9692244199;B
20240222;105339;190.660000000;860;9692244200;B
20240222;105354;190.660000000;20;9692245460;B
20240222;105354;190.680000000;70;9692245461;B
20240222;105357;190.680000000;50;9692245785;B
20240222;105358;190.680000000;140;9692245817;B
20240222;105359;190.600000000;10;9692245945;S
20240222;105404;190.680000000;10;9692246412;B
20240222;105404;190.680000000;10;9692246428;B
20240222;105407;190.680000000;300;9692246741;B
20240222;105408;190.680000000;20;9692246851;B
20240222;105408;190.680000000;10;9692246852;B
20240222;105408;190.680000000;40;9692246853;B
20240222;105424;190.680000000;10;9692248235;B
20240222;105424;190.680000000;10;9692248292;B
20240222;105428;190.700000000;10;9692248687;B
20240222;105432;190.660000000;10;9692249092;S
20240222;105438;190.700000000;150;9692249565;B
20240222;105444;190.700000000;40;9692250086;B
20240222;105444;190.700000000;300;9692250087;B
20240222;105444;190.700000000;510;9692250088;B
20240222;105445;190.680000000;10;9692250269;S
20240222;105446;190.640000000;20;9692250273;S
20240222;105446;190.620000000;70;9692250274;S
20240222;105446;190.680000000;10;9692250311;B
20240222;105456;190.680000000;70;9692251328;B
20240222;105456;190.700000000;480;9692251329;B
20240222;105458;190.700000000;240;9692251462;B
20240222;105458;190.620000000;80;9692251494;S
20240222;105458;190.620000000;80;9692251495;S
20240222;105458;190.620000000;500;9692251496;S
20240222;105458;190.600000000;50;9692251497;S
20240222;105458;190.600000000;10;9692251498;S
20240222;105458;190.600000000;10;9692251499;S
20240222;105508;190.600000000;150;9692252231;B
20240222;105509;190.600000000;70;9692252318;B
20240222;105512;190.600000000;20;9692252477;B
20240222;105517;190.600000000;10;9692253018;B
20240222;105517;190.600000000;20;9692253053;B
20240222;105519;190.600000000;20;9692253152;B
20240222;105522;190.600000000;20;9692253350;B
20240222;105524;190.600000000;130;9692253509;B
20240222;105528;190.580000000;60;9692253787;B
20240222;105532;190.580000000;80;9692254109;B
20240222;105532;190.600000000;170;9692254110;B
20240222;105538;190.580000000;100;9692254545;B
20240222;105538;190.580000000;50;9692254548;B
20240222;105539;190.560000000;50;9692254719;S
20240222;105539;190.560000000;10;9692254720;S
20240222;105545;190.600000000;240;9692255450;B
20240222;105551;190.600000000;10;9692256051;B
20240222;105555;190.600000000;10;9692256467;B
20240222;105558;190.600000000;60;9692256749;B
20240222;105600;190.600000000;220;9692257030;B
20240222;105601;190.540000000;50;9692257117;S
20240222;105601;190.520000000;80;9692257118;S
20240222;105601;190.500000000;50;9692257119;S
20240222;105606;190.580000000;10;9692257518;B
20240222;105608;190.600000000;70;9692257679;B
20240222;105619;190.600000000;230;9692258830;B
20240222;105619;190.600000000;30;9692258831;B
20240222;105619;190.600000000;20;9692258832;B
20240222;105619;190.600000000;10;9692258833;B
20240222;105619;190.600000000;60;9692258834;B
20240222;105620;190.600000000;820;9692258894;S
20240222;105620;190.580000000;80;9692258895;S
20240222;105620;190.540000000;10;9692258896;S
20240222;105620;190.540000000;10;9692258897;S
20240222;105620;190.520000000;500;9692258898;S
20240222;105620;190.500000000;850;9692258899;S
20240222;105620;190.500000000;30;9692258900;S
20240222;105620;190.500000000;80;9692258901;S
20240222;105621;190.440000000;40;9692259071;S
20240222;105628;190.500000000;480;9692259719;B
20240222;105628;190.500000000;40;9692259761;B
20240222;105628;190.500000000;80;9692259762;B
20240222;105638;190.560000000;70;9692260493;B
20240222;105645;190.500000000;40;9692261024;S
20240222;105650;190.560000000;10;9692261414;B
20240222;105650;190.580000000;30;9692261415;B
20240222;105658;190.580000000;10;9692262028;B
20240222;105708;190.580000000;10;9692262845;B
20240222;105713;190.580000000;10;9692263318;B
20240222;105727;190.500000000;10;9692265142;S
20240222;105728;190.580000000;50;9692265148;B
20240222;105728;190.580000000;10;9692265155;B
20240222;105739;190.580000000;10;9692266412;B
20240222;105747;190.520000000;60;9692267257;S
20240222;105758;190.580000000;10;9692268153;B
20240222;105807;190.480000000;20;9692268835;S
20240222;105819;190.580000000;200;9692270088;B
20240222;105820;190.500000000;10;9692270180;S
20240222;105821;190.500000000;100;9692270296;S
20240222;105824;190.480000000;10;9692270548;S
20240222;105825;190.500000000;110;9692270651;S
20240222;105829;190.500000000;100;9692271118;S
20240222;105831;190.500000000;110;9692271262;S
20240222;105838;190.560000000;50;9692271842;B
20240222;105838;190.560000000;30;9692271843;B
20240222;105840;190.500000000;50;9692272037;S
20240222;105840;190.480000000;50;9692272038;S
20240222;105840;190.480000000;80;9692272039;S
20240222;105840;190.480000000;500;9692272040;S
20240222;105842;190.480000000;10;9692272297;B
20240222;105844;190.460000000;40;9692272490;S
20240222;105845;190.560000000;80;9692272687;B
20240222;105845;190.580000000;660;9692272688;B
20240222;105845;190.580000000;10;9692272689;B
20240222;105845;190.620000000;50;9692272690;B
20240222;105846;190.500000000;20;9692272847;S
20240222;105858;190.580000000;30;9692274163;B
20240222;105905;190.620000000;500;9692274916;B
20240222;105907;190.560000000;10;9692275119;S
20240222;105908;190.620000000;80;9692275234;B
20240222;105908;190.620000000;30;9692275235;B
20240222;105919;190.640000000;20;9692276378;B
20240222;105919;190.660000000;20;9692276379;B
20240222;105919;190.660000000;50;9692276380;B
20240222;105919;190.680000000;20;9692276381;B
20240222;105919;190.680000000;50;9692276382;B
20240222;105919;190.680000000;70;9692276383;B
20240222;105919;190.680000000;20;9692276384;B
20240222;105924;190.700000000;100;9692276781;B
20240222;105927;190.700000000;250;9692277118;B
20240222;105927;190.700000000;20;9692277119;B
20240222;105927;190.700000000;20;9692277120;B
20240222;105927;190.700000000;120;9692277121;B
20240222;105928;190.720000000;70;9692277182;B
20240222;105928;190.740000000;340;9692277205;B
20240222;105928;190.760000000;220;9692277206;B
20240222;105938;190.760000000;210;9692277864;B
20240222;105938;190.700000000;10;9692277882;S
20240222;105939;190.760000000;10;9692277972;B
20240222;105948;190.760000000;30;9692278654;B
20240222;105948;190.760000000;1000;9692278665;B
20240222;105951;190.760000000;100;9692278939;B
20240222;105952;190.740000000;10;9692279120;S
20240222;105952;190.700000000;50;9692279121;S
20240222;105952;190.680000000;40;9692279122;S
20240222;105954;190.720000000;40;9692279235;B
20240222;105954;190.740000000;1000;9692279236;B
20240222;105954;190.760000000;3430;9692279237;B
20240222;105954;190.760000000;20;9692279238;B
20240222;105954;190.760000000;40;9692279239;B
20240222;105958;190.780000000;150;9692279544;B
20240222;105958;190.780000000;200;9692279545;B
20240222;105958;190.780000000;10;9692279546;B
20240222;110001;190.800000000;40;9692279814;B
20240222;110001;190.800000000;20;9692279815;B
20240222;110001;190.800000000;40;9692279816;B
20240222;110001;190.800000000;10;9692279834;B
20240222;110003;190.800000000;150;9692280047;B
20240222;110003;190.800000000;10;9692280048;B
20240222;110003;190.820000000;90;9692280049;B
20240222;110003;190.820000000;50;9692280050;B
20240222;110003;190.820000000;70;9692280051;B
20240222;110003;190.840000000;150;9692280052;B
20240222;110003;190.860000000;10;9692280053;B
20240222;110003;190.860000000;50;9692280054;B
20240222;110003;190.860000000;20;9692280055;B
20240222;110004;190.860000000;50;9692280151;B
20240222;110007;190.840000000;10;9692280512;S
20240222;110007;190.820000000;20;9692280513;S
20240222;110007;190.800000000;70;9692280514;S
20240222;110007;190.780000000;130;9692280515;S
20240222;110007;190.780000000;10;9692280516;S
20240222;110008;190.860000000;430;9692280592;B
20240222;110008;190.860000000;120;9692280593;B
20240222;110019;190.880000000;50;9692282421;B
20240222;110019;190.880000000;100;9692282442;B
20240222;110019;190.880000000;500;9692282443;B
20240222;110019;190.880000000;80;9692282444;B
20240222;110024;190.880000000;1000;9692283055;B
20240222;110025;190.880000000;500;9692283193;B
20240222;110028;190.880000000;390;9692283522;B
20240222;110037;190.880000000;50;9692284912;B
20240222;110038;190.880000000;70;9692285041;B
