<DATE>;<TIME>;<LAST>;<VOL>;<ID>;<OPER>
20240220;095934;197.800000000;20;9654076692;S
20240220;095934;197.800000000;10;9654076693;B
20240220;095934;197.800000000;50;9654076694;B
20240220;095934;197.800000000;60;9654076695;B
20240220;095934;197.800000000;30;9654076696;S
20240220;095934;197.800000000;70;9654076697;S
20240220;095934;197.800000000;60;9654076698;B
20240220;095934;197.800000000;10;9654076699;B
20240220;095934;197.800000000;300;9654076700;S
20240220;095934;197.800000000;20;9654076701;S
20240220;095934;197.800000000;20;9654076702;S
20240220;095934;197.800000000;20;9654076703;B
20240220;095934;197.800000000;80;9654076704;B
20240220;095934;197.800000000;150;9654076705;B
20240220;095934;197.800000000;80;9654076706;B
20240220;095934;197.800000000;80;9654076707;B
20240220;095934;197.800000000;1190;9654076708;B
20240220;095934;197.800000000;500;9654076709;B
20240220;095934;197.800000000;300;9654076710;B
20240220;095934;197.800000000;250;9654076711;B
20240220;095934;197.800000000;10;9654076712;B
20240220;095934;197.800000000;10;9654076713;B
20240220;095934;197.800000000;3000;9654076714;B
20240220;095934;197.800000000;20;9654076715;S
20240220;095934;197.800000000;140;9654076716;S
20240220;095934;197.800000000;2530;9654076717;S
20240220;095934;197.800000000;10;9654076718;B
20240220;095934;197.800000000;10;9654076719;B
20240220;095934;197.800000000;100;9654076720;B
20240220;095934;197.800000000;10;9654076721;B
20240220;095934;197.800000000;150;9654076722;B
20240220;095934;197.800000000;30;9654076723;B
20240220;095934;197.800000000;10;9654076724;B
20240220;095934;197.800000000;10;9654076725;B
20240220;095934;197.800000000;10;9654076726;B
20240220;095934;197.800000000;30;9654076727;B
20240220;095934;197.800000000;30;9654076728;B
20240220;095934;197.800000000;10;9654076729;B
20240220;095934;197.800000000;10;9654076730;B
20240220;095934;197.800000000;20;9654076731;B
20240220;095934;197.800000000;600;9654076732;B
20240220;095934;197.800000000;100;9654076733;B
20240220;095934;197.800000000;50;9654076734;B
20240220;095934;197.800000000;20;9654076735;B
20240220;100000;197.800000000;100;9654083433;B
20240220;100000;197.800000000;100;9654083441;B
20240220;100000;197.800000000;100;9654083451;B
20240220;100000;197.800000000;100;9654083458;B
20240220;100001;197.800000000;120;9654083924;B
20240220;100001;197.800000000;20;9654083950;B
20240220;100001;197.800000000;300;9654084080;B
20240220;100001;197.800000000;20;9654084081;B
20240220;100001;197.800000000;60;9654084082;B
20240220;100001;197.800000000;20;9654084083;B
20240220;100001;197.800000000;10;9654084084;B
20240220;100001;197.800000000;90;9654084085;B
20240220;100001;197.800000000;540;9654084086;B
20240220;100001;197.800000000;60;9654084087;B
20240220;100001;197.800000000;40;9654084089;B
20240220;100001;197.800000000;20;9654084090;B
20240220;100001;197.820000000;50;9654084101;B
20240220;100001;197.820000000;40;9654084102;B
20240220;100001;197.820000000;10;9654084103;B
20240220;100001;197.820000000;20;9654084104;B
20240220;100001;197.820000000;40;9654084105;B
20240220;100001;197.820000000;40;9654084106;B
20240220;100002;197.820000000;260;9654085038;B
20240220;100002;197.820000000;10;9654085039;B
20240220;100002;197.820000000;30;9654085040;B
20240220;100002;197.860000000;300;9654085042;B
20240220;100002;197.880000000;30;9654085043;B
20240220;100002;197.900000000;240;9654085045;B
20240220;100002;197.900000000;40;9654085046;B
20240220;100002;197.980000000;40;9654085846;B
20240220;100002;197.980000000;240;9654085877;B
20240220;100003;197.960000000;700;9654086414;B
20240220;100003;197.980000000;80;9654086415;B
20240220;100003;198.000000000;830;9654086416;B
20240220;100003;198.000000000;3400;9654086417;B
20240220;100003;198.120000000;910;9654086418;B
20240220;100003;198.120000000;510;9654086419;B
20240220;100003;198.140000000;1400;9654086420;B
20240220;100003;198.200000000;670;9654086421;B
20240220;100004;197.940000000;50;9654087963;S
20240220;100005;197.940000000;30;9654088433;S
20240220;100005;197.920000000;10;9654088434;S
20240220;100005;198.040000000;30;9654088533;S
20240220;100005;197.920000000;60;9654088534;S
20240220;100005;197.900000000;10;9654088741;S
20240220;100005;197.900000000;10;9654088743;S
20240220;100005;198.200000000;500;9654089200;B
20240220;100005;198.200000000;60;9654089201;B
20240220;100005;198.140000000;20;9654089919;B
20240220;100006;197.900000000;70;9654090340;S
20240220;100006;197.900000000;20;9654090348;S
20240220;100006;197.900000000;30;9654090950;S
20240220;100006;198.200000000;10;9654091021;B
20240220;100006;197.900000000;50;9654091132;S
20240220;100006;197.940000000;10;9654091420;S
20240220;100007;197.960000000;20;9654091692;S
20240220;100007;197.940000000;1750;9654091693;S
20240220;100007;197.920000000;700;9654091694;S
20240220;100007;197.880000000;530;9654091695;S
20240220;100008;197.900000000;10;9654092963;S
20240220;100010;198.120000000;10;9654094481;B
20240220;100011;198.140000000;30;9654095238;B
20240220;100011;198.140000000;60;9654095250;B
20240220;100011;198.140000000;80;9654095256;B
20240220;100011;197.900000000;10;9654095571;S
20240220;100011;197.900000000;60;9654095572;B
20240220;100011;197.900000000;200;9654095573;B
20240220;100011;197.900000000;370;9654095574;B
20240220;100011;197.900000000;360;9654095575;B
20240220;100015;198.120000000;10;9654097415;B
20240220;100016;198.100000000;100;9654097675;B
20240220;100016;198.140000000;100;9654097789;B
20240220;100019;198.020000000;210;9654098883;S
20240220;100019;197.900000000;70;9654098884;S
20240220;100024;198.020000000;110;9654101265;B
20240220;100026;198.060000000;30;9654102453;S
20240220;100026;198.060000000;70;9654102454;S
20240220;100028;198.060000000;10;9654103042;S
20240220;100028;198.060000000;10;9654103043;S
20240220;100029;198.060000000;10;9654103267;S
20240220;100030;198.060000000;20;9654103662;S
20240220;100030;198.100000000;100;9654103829;B
20240220;100030;198.100000000;120;9654103882;B
20240220;100030;198.100000000;160;9654103891;B
20240220;100030;198.100000000;130;9654103991;B
20240220;100034;198.060000000;130;9654105543;S
20240220;100034;197.920000000;100;9654105544;S
20240220;100034;197.920000000;100;9654105545;S
20240220;100036;197.920000000;560;9654106063;S
20240220;100036;197.920000000;50;9654106064;S
20240220;100036;197.900000000;30;9654106065;S
20240220;100036;197.900000000;30;9654106066;S
20240220;100038;198.000000000;50;9654106680;S
20240220;100044;198.040000000;60;9654108049;B
20240220;100048;198.000000000;10;9654108951;S
20240220;100051;198.000000000;40;9654109736;S
20240220;100052;198.000000000;80;9654109809;B
20240220;100052;198.040000000;10;9654109810;B
20240220;100055;198.040000000;50;9654110779;S
20240220;100055;198.040000000;40;9654110849;S
20240220;100055;198.000000000;200;9654110850;S
20240220;100055;198.000000000;50;9654110851;S
20240220;100055;198.000000000;570;9654110852;B
20240220;100055;197.980000000;20;9654110960;S
20240220;100056;198.000000000;80;9654111221;B
20240220;100056;198.000000000;200;9654111251;B
20240220;100059;198.000000000;100;9654112207;B
20240220;100101;197.880000000;100;9654112689;S
20240220;100101;197.940000000;90;9654112713;B
20240220;100101;197.960000000;90;9654112714;B
20240220;100101;197.880000000;40;9654112732;S
20240220;100101;197.880000000;60;9654112733;S
20240220;100101;197.880000000;80;9654112737;S
20240220;100101;197.880000000;100;9654112739;S
20240220;100101;197.880000000;180;9654112742;S
20240220;100101;197.880000000;180;9654112754;S
20240220;100102;197.920000000;50;9654113044;B
20240220;100106;197.840000000;700;9654114051;S
20240220;100106;197.800000000;10;9654114052;S
20240220;100106;197.700000000;20;9654114053;S
20240220;100106;197.680000000;280;9654114054;S
20240220;100106;197.680000000;1820;9654114055;S
20240220;100106;197.660000000;2170;9654114056;S
20240220;100106;197.620000000;50;9654114057;S
20240220;100106;197.580000000;120;9654114058;S
20240220;100106;197.580000000;830;9654114059;S
20240220;100107;197.800000000;60;9654114212;S
20240220;100107;197.800000000;240;9654114256;S
20240220;100107;197.680000000;110;9654114257;S
20240220;100107;197.560000000;500;9654114258;S
20240220;100107;197.540000000;150;9654114259;S
20240220;100108;197.780000000;80;9654114333;B
20240220;100108;197.700000000;200;9654114607;B
20240220;100115;197.740000000;10;9654115973;B
20240220;100115;197.540000000;40;9654116032;S
20240220;100119;197.540000000;80;9654117083;S
20240220;100119;197.540000000;220;9654117084;B
20240220;100119;197.540000000;270;9654117085;B
20240220;100120;197.580000000;60;9654117231;S
20240220;100120;197.560000000;400;9654117232;S
20240220;100120;197.520000000;200;9654117233;S
20240220;100120;197.520000000;50;9654117234;S
20240220;100120;197.520000000;80;9654117235;S
20240220;100120;197.500000000;10;9654117236;S
20240220;100120;197.500000000;10;9654117237;S
20240220;100120;197.500000000;1000;9654117238;S
20240220;100120;197.500000000;100;9654117239;S
20240220;100120;197.500000000;520;9654117240;S
20240220;100120;197.500000000;10;9654117241;S
20240220;100120;197.500000000;10;9654117242;S
20240220;100120;197.500000000;1720;9654117243;S
20240220;100120;197.480000000;10;9654117244;S
20240220;100120;197.420000000;500;9654117245;S
20240220;100120;197.420000000;50;9654117246;S
20240220;100120;197.420000000;270;9654117247;S
20240220;100120;197.600000000;10;9654117335;S
20240220;100121;197.600000000;20;9654117515;B
20240220;100126;197.600000000;170;9654118369;B
20240220;100126;197.600000000;10;9654118370;B
20240220;100126;197.600000000;2590;9654118371;B
20240220;100128;197.720000000;50;9654118795;B
20240220;100128;197.720000000;10;9654118887;B
20240220;100130;197.720000000;10;9654119325;B
20240220;100131;197.740000000;100;9654119550;B
20240220;100134;197.680000000;100;9654120237;S
20240220;100137;197.620000000;10;9654120660;S
20240220;100137;197.580000000;20;9654120661;S
20240220;100137;197.560000000;200;9654120662;S
20240220;100137;197.540000000;1000;9654120663;S
20240220;100137;197.540000000;50;9654120664;S
20240220;100137;197.520000000;50;9654120665;S
20240220;100137;197.500000000;10;9654120666;S
20240220;100137;197.500000000;20;9654120667;S
20240220;100137;197.420000000;730;9654120668;S
20240220;100137;197.400000000;100;9654120669;S
20240220;100137;197.340000000;190;9654120670;S
20240220;100137;197.320000000;510;9654120671;S
20240220;100137;197.300000000;50;9654120672;S
20240220;100137;197.300000000;690;9654120673;S
20240220;100137;197.440000000;30;9654120693;S
20240220;100138;197.480000000;50;9654120703;S
20240220;100138;197.460000000;20;9654120704;S
20240220;100139;197.660000000;30;9654120832;B
20240220;100139;197.720000000;20;9654120927;B
20240220;100142;197.560000000;50;9654121401;S
20240220;100147;197.580000000;760;9654122900;S
20240220;100147;197.560000000;10;9654122901;S
20240220;100147;197.500000000;80;9654122902;S
20240220;100147;197.400000000;50;9654122903;S
20240220;100147;197.380000000;160;9654122904;S
20240220;100147;197.380000000;130;9654122905;S
20240220;100149;197.640000000;170;9654123183;B
20240220;100155;197.660000000;30;9654124270;B
20240220;100155;197.660000000;200;9654124373;B
20240220;100155;197.660000000;20;9654124374;S
20240220;100157;197.540000000;40;9654124790;S
20240220;100200;197.580000000;100;9654125294;S
20240220;100207;197.580000000;160;9654127055;S
20240220;100207;197.560000000;760;9654127056;S
20240220;100207;197.560000000;70;9654127057;S
20240220;100208;197.480000000;60;9654127167;S
20240220;100208;197.520000000;50;9654127218;B
20240220;100208;197.520000000;100;9654127219;B
20240220;100208;197.520000000;50;9654127229;B
20240220;100208;197.520000000;180;9654127243;B
20240220;100208;197.520000000;100;9654127252;B
20240220;100210;197.520000000;10;9654127674;B
20240220;100212;197.500000000;200;9654128187;B
20240220;100213;197.500000000;200;9654128300;B
20240220;100213;197.500000000;10;9654128328;B
20240220;100214;197.480000000;440;9654128529;S
20240220;100214;197.480000000;10;9654128530;S
20240220;100214;197.420000000;250;9654128531;S
20240220;100223;197.480000000;10;9654130628;B
20240220;100230;197.480000000;20;9654132146;B
20240220;100232;197.420000000;60;9654132786;S
20240220;100233;197.480000000;10;9654132812;B
20240220;100235;197.420000000;1000;9654133348;S
20240220;100243;197.480000000;30;9654135139;B
20240220;100249;197.480000000;10;9654136503;B
20240220;100249;197.480000000;10;9654136504;B
20240220;100250;197.460000000;190;9654136573;S
20240220;100255;197.460000000;500;9654138060;S
20240220;100255;197.460000000;60;9654138102;S
20240220;100255;197.460000000;60;9654138103;S
20240220;100255;197.460000000;40;9654138104;S
20240220;100255;197.440000000;60;9654138105;S
20240220;100255;197.460000000;50;9654138106;S
20240220;100255;197.460000000;20;9654138107;S
20240220;100255;197.460000000;50;9654138108;S
20240220;100255;197.460000000;40;9654138109;S
20240220;100255;197.460000000;30;9654138110;S
20240220;100255;197.460000000;70;9654138111;S
20240220;100255;197.460000000;160;9654138112;S
20240220;100255;197.460000000;40;9654138113;S
20240220;100255;197.460000000;60;9654138114;S
20240220;100255;197.460000000;80;9654138115;S
20240220;100255;197.460000000;50;9654138116;S
20240220;100255;197.460000000;60;9654138117;S
20240220;100255;197.460000000;80;9654138120;S
20240220;100255;197.440000000;40;9654138121;S
20240220;100255;197.440000000;60;9654138122;S
20240220;100255;197.460000000;10;9654138123;S
20240220;100255;197.460000000;40;9654138124;S
20240220;100255;197.460000000;50;9654138125;S
20240220;100255;197.460000000;120;9654138126;S
20240220;100255;197.460000000;70;9654138127;S
20240220;100255;197.440000000;200;9654138128;S
20240220;100255;197.440000000;90;9654138129;S
20240220;100255;197.440000000;80;9654138130;S
20240220;100255;197.440000000;30;9654138131;S
20240220;100255;197.440000000;80;9654138132;S
20240220;100255;197.440000000;50;9654138133;S
20240220;100255;197.440000000;360;9654138134;S
20240220;100255;197.440000000;50;9654138135;S
20240220;100255;197.420000000;50;9654138136;S
20240220;100255;197.420000000;70;9654138137;S
20240220;100255;197.420000000;100;9654138138;S
20240220;100255;197.420000000;60;9654138139;S
20240220;100255;197.420000000;110;9654138140;S
20240220;100255;197.420000000;30;9654138141;S
20240220;100255;197.420000000;30;9654138144;S
20240220;100255;197.420000000;50;9654138145;S
20240220;100257;197.420000000;500;9654138439;S
20240220;100257;197.420000000;20;9654138440;S
20240220;100258;197.420000000;60;9654138656;S
20240220;100258;197.420000000;10;9654138658;S
20240220;100258;197.420000000;10;9654138659;S
20240220;100258;197.400000000;90;9654138660;S
20240220;100258;197.400000000;60;9654138661;S
20240220;100258;197.400000000;180;9654138662;S
20240220;100258;197.400000000;170;9654138663;S
20240220;100258;197.400000000;490;9654138664;S
20240220;100258;197.400000000;160;9654138665;S
20240220;100258;197.400000000;20;9654138666;S
20240220;100258;197.400000000;30;9654138667;S
20240220;100258;197.400000000;220;9654138669;S
20240220;100258;197.340000000;40;9654138670;S
20240220;100258;197.340000000;110;9654138671;S
20240220;100258;197.460000000;100;9654138672;B
20240220;100258;197.340000000;40;9654138674;S
20240220;100258;197.340000000;180;9654138675;S
20240220;100258;197.320000000;130;9654138676;S
20240220;100258;197.320000000;40;9654138677;S
20240220;100258;197.320000000;70;9654138678;S
20240220;100258;197.320000000;10;9654138679;S
20240220;100258;197.320000000;20;9654138680;S
20240220;100258;197.300000000;90;9654138681;S
20240220;100258;197.300000000;10;9654138682;S
20240220;100258;197.300000000;10;9654138683;S
20240220;100258;197.300000000;50;9654138684;S
20240220;100258;197.300000000;360;9654138685;S
20240220;100258;197.300000000;30;9654138686;S
20240220;100258;197.300000000;40;9654138687;S
20240220;100258;197.300000000;70;9654138688;S
20240220;100258;197.300000000;10;9654138689;S
20240220;100258;197.300000000;90;9654138690;S
20240220;100258;197.300000000;60;9654138691;S
20240220;100258;197.280000000;10;9654138692;S
20240220;100259;197.280000000;200;9654138797;S
20240220;100259;197.420000000;10;9654138828;B
20240220;100300;197.380000000;30;9654139034;B
20240220;100300;197.380000000;10;9654139044;B
20240220;100300;197.380000000;10;9654139154;B
20240220;100301;197.280000000;180;9654139328;S
20240220;100301;197.280000000;80;9654139331;S
20240220;100301;197.280000000;40;9654139333;S
20240220;100301;197.280000000;150;9654139335;S
20240220;100301;197.280000000;90;9654139336;S
20240220;100301;197.280000000;180;9654139337;S
20240220;100301;197.280000000;40;9654139338;S
20240220;100301;197.280000000;10;9654139344;S
20240220;100303;197.380000000;70;9654139984;B
20240220;100303;197.360000000;40;9654140126;B
20240220;100304;197.280000000;20;9654140428;S
20240220;100308;197.280000000;10;9654141472;B
20240220;100311;197.260000000;10;9654142158;S
20240220;100311;197.260000000;10;9654142159;S
20240220;100312;197.240000000;10;9654142212;S
20240220;100312;197.240000000;10;9654142213;S
20240220;100312;197.240000000;100;9654142214;S
20240220;100312;197.220000000;1000;9654142215;S
20240220;100312;197.220000000;10;9654142216;S
20240220;100312;197.220000000;340;9654142217;S
20240220;100312;197.220000000;10;9654142218;S
20240220;100312;197.220000000;10;9654142219;S
20240220;100312;197.220000000;50;9654142220;S
20240220;100312;197.220000000;1440;9654142221;S
20240220;100312;197.220000000;120;9654142222;S
20240220;100312;197.220000000;200;9654142234;S
20240220;100312;197.260000000;10;9654142239;B
20240220;100312;197.260000000;10;9654142247;B
20240220;100312;197.280000000;240;9654142248;B
20240220;100313;197.300000000;80;9654142541;B
20240220;100315;197.260000000;10;9654143073;B
20240220;100317;197.300000000;10;9654143403;B
20240220;100321;197.300000000;100;9654144208;B
20240220;100322;197.300000000;190;9654144922;B
20240220;100322;197.300000000;380;9654144997;B
20240220;100323;197.220000000;50;9654145363;S
20240220;100323;197.240000000;110;9654145681;S
20240220;100323;197.240000000;110;9654145682;S
20240220;100323;197.220000000;30;9654145683;S
20240220;100323;197.220000000;50;9654145684;S
20240220;100323;197.220000000;10;9654145685;S
20240220;100323;197.220000000;140;9654145686;S
20240220;100325;197.240000000;40;9654146208;S
20240220;100325;197.220000000;1380;9654146209;S
20240220;100325;197.200000000;350;9654146210;S
20240220;100325;197.200000000;500;9654146211;S
20240220;100325;197.200000000;9930;9654146212;S
20240220;100326;197.200000000;70;9654146342;S
20240220;100326;197.200000000;20;9654146343;S
20240220;100326;197.200000000;200;9654146344;S
20240220;100326;197.200000000;10;9654146345;S
20240220;100326;197.200000000;20;9654146346;S
20240220;100326;197.180000000;100;9654146347;S
20240220;100326;197.180000000;1010;9654146348;S
20240220;100326;197.180000000;10;9654146349;S
20240220;100326;197.140000000;10;9654146350;S
20240220;100326;197.120000000;10;9654146351;S
20240220;100326;197.120000000;160;9654146352;S
20240220;100326;197.120000000;60;9654146353;S
20240220;100326;197.100000000;10;9654146354;S
20240220;100326;197.100000000;30;9654146355;S
20240220;100326;197.100000000;10;9654146356;S
20240220;100326;197.100000000;700;9654146357;S
20240220;100326;197.100000000;10;9654146358;S
20240220;100326;197.100000000;100;9654146359;S
20240220;100326;197.240000000;50;9654146363;B
20240220;100327;197.200000000;20;9654146597;S
20240220;100330;197.200000000;110;9654147766;B
20240220;100330;197.200000000;40;9654147802;B
20240220;100330;197.220000000;130;9654147803;B
20240220;100331;197.220000000;70;9654148249;B
20240220;100336;197.200000000;20;9654149588;B
20240220;100336;197.220000000;40;9654149589;B
20240220;100336;197.220000000;30;9654149613;B
20240220;100339;197.220000000;30;9654150236;B
20240220;100344;197.220000000;60;9654150992;B
20240220;100344;197.220000000;20;9654151127;B
20240220;100347;197.220000000;10;9654151552;B
20240220;100349;197.200000000;10;9654151828;B
20240220;100349;197.220000000;490;9654151829;B
20240220;100356;197.220000000;200;9654153727;B
20240220;100357;197.180000000;40;9654153989;S
20240220;100357;197.180000000;50;9654153990;S
20240220;100357;197.160000000;10;9654153991;S
20240220;100400;197.220000000;10;9654154557;B
20240220;100402;197.180000000;40;9654155141;S
20240220;100410;197.220000000;30;9654156783;B
20240220;100412;197.220000000;30;9654157228;B
20240220;100412;197.220000000;240;9654157261;B
20240220;100413;197.180000000;220;9654157617;S
20240220;100414;197.220000000;140;9654157705;B
20240220;100417;197.220000000;30;9654158305;B
20240220;100419;197.200000000;200;9654159049;S
20240220;100419;197.220000000;250;9654159159;B
20240220;100419;197.220000000;10;9654159222;B
20240220;100419;197.220000000;10;9654159223;B
20240220;100420;197.220000000;10;9654159590;B
20240220;100420;197.220000000;50;9654159591;B
20240220;100420;197.200000000;490;9654159643;S
20240220;100420;197.180000000;1010;9654159644;S
20240220;100421;197.220000000;50;9654159889;B
20240220;100421;197.180000000;10;9654159929;S
20240220;100421;197.180000000;90;9654159930;S
20240220;100424;197.220000000;240;9654160653;B
20240220;100425;197.220000000;30;9654160826;B
20240220;100427;197.220000000;30;9654161135;B
20240220;100428;197.200000000;50;9654161409;S
20240220;100431;197.220000000;20;9654162021;B
20240220;100432;197.200000000;250;9654162239;S
20240220;100435;197.220000000;30;9654162967;B
20240220;100436;197.200000000;40;9654163280;S
20240220;100436;197.180000000;10;9654163281;S
20240220;100437;197.200000000;90;9654163434;S
20240220;100437;197.180000000;10;9654163435;S
20240220;100437;197.180000000;700;9654163436;S
20240220;100438;197.200000000;10;9654163904;B
20240220;100440;197.200000000;400;9654164381;B
20240220;100442;197.180000000;160;9654164729;S
20240220;100442;197.200000000;10;9654164802;B
20240220;100442;197.180000000;90;9654164826;S
20240220;100442;197.180000000;210;9654164827;S
20240220;100443;197.200000000;200;9654164900;B
20240220;100445;197.180000000;10;9654165317;S
20240220;100446;197.200000000;300;9654165587;B
20240220;100447;197.200000000;80;9654165798;B
20240220;100447;197.200000000;150;9654165799;B
20240220;100447;197.200000000;40;9654165800;B
20240220;100447;197.200000000;100;9654165801;B
20240220;100448;197.220000000;50;9654165955;B
20240220;100448;197.220000000;10;9654165956;B
20240220;100448;197.220000000;100;9654165957;B
20240220;100448;197.220000000;40;9654165958;B
20240220;100448;197.240000000;100;9654165959;B
20240220;100448;197.260000000;160;9654166120;B
20240220;100448;197.260000000;40;9654166121;B
20240220;100448;197.260000000;20;9654166122;B
20240220;100448;197.260000000;20;9654166123;B
20240220;100448;197.260000000;60;9654166124;B
20240220;100449;197.300000000;200;9654166190;B
20240220;100449;197.300000000;20;9654166191;B
20240220;100449;197.300000000;160;9654166192;B
20240220;100449;197.380000000;40;9654166195;B
20240220;100450;197.380000000;20;9654166538;S
20240220;100453;197.360000000;90;9654167181;S
20240220;100454;197.360000000;10;9654167314;S
20240220;100456;197.380000000;10;9654167747;B
20240220;100457;197.360000000;10;9654167818;S
20240220;100457;197.360000000;100;9654168001;S
20240220;100458;197.360000000;40;9654168099;S
20240220;100458;197.300000000;360;9654168100;S
20240220;100458;197.280000000;160;9654168101;S
20240220;100458;197.240000000;30;9654168102;S
20240220;100458;197.220000000;90;9654168103;S
20240220;100507;197.360000000;30;9654171065;B
20240220;100508;197.360000000;10;9654171134;B
20240220;100508;197.360000000;10;9654171350;B
20240220;100508;197.320000000;10;9654171674;S
20240220;100509;197.360000000;50;9654171818;B
20240220;100510;197.300000000;600;9654172221;S
20240220;100515;197.340000000;60;9654173386;B
20240220;100515;197.360000000;940;9654173387;B
20240220;100515;197.360000000;30;9654173411;B
20240220;100517;197.360000000;70;9654173820;B
20240220;100523;197.320000000;10;9654175566;S
20240220;100524;197.340000000;10;9654175751;B
20240220;100525;197.340000000;10;9654176101;B
20240220;100530;197.340000000;20;9654177635;B
20240220;100531;197.320000000;50;9654177934;B
20240220;100531;197.280000000;150;9654177971;S
20240220;100537;197.280000000;40;9654179486;S
20240220;100538;197.320000000;50;9654179908;B
20240220;100538;197.340000000;60;9654179909;B
20240220;100538;197.360000000;90;9654179910;B
20240220;100541;197.340000000;10;9654180517;B
20240220;100545;197.340000000;30;9654181319;B
20240220;100546;197.300000000;20;9654181593;S
20240220;100546;197.300000000;10;9654181594;S
20240220;100548;197.360000000;100;9654182041;B
20240220;100550;197.300000000;10;9654182607;S
20240220;100555;197.300000000;10;9654183493;S
20240220;100555;197.300000000;60;9654183494;S
20240220;100555;197.300000000;50;9654183495;S
20240220;100555;197.300000000;80;9654183496;S
20240220;100600;197.360000000;20;9654185774;B
20240220;100600;197.360000000;750;9654185793;B
20240220;100600;197.360000000;160;9654185794;B
20240220;100600;197.360000000;60;9654185795;B
20240220;100601;197.380000000;50;9654186028;B
20240220;100601;197.400000000;40;9654186029;B
20240220;100601;197.420000000;100;9654186030;B
20240220;100601;197.420000000;210;9654186031;B
20240220;100601;197.400000000;40;9654186167;B
20240220;100602;197.420000000;10;9654186347;B
20240220;100602;197.420000000;130;9654186374;B
20240220;100602;197.480000000;100;9654186375;B
20240220;100602;197.500000000;30;9654186376;B
20240220;100602;197.480000000;20;9654186467;B
20240220;100605;197.380000000;10;9654187510;S
20240220;100606;197.500000000;10;9654187612;B
20240220;100611;197.500000000;50;9654189036;B
20240220;100611;197.500000000;10;9654189037;B
20240220;100614;197.600000000;10;9654189688;B
20240220;100615;197.640000000;10;9654189737;B
20240220;100615;197.640000000;100;9654189738;B
20240220;100617;197.540000000;20;9654190187;S
20240220;100619;197.560000000;10;9654190635;S
20240220;100622;197.640000000;10;9654191189;B
20240220;100627;197.560000000;500;9654192292;S
20240220;100629;197.540000000;160;9654192954;S
20240220;100631;197.520000000;240;9654193366;B
20240220;100631;197.520000000;60;9654193392;B
20240220;100632;197.480000000;10;9654193568;B
20240220;100634;197.420000000;50;9654193969;S
20240220;100634;197.420000000;280;9654193970;S
20240220;100634;197.400000000;20;9654193971;S
20240220;100634;197.400000000;50;9654193972;S
20240220;100634;197.360000000;10;9654193973;S
20240220;100634;197.340000000;160;9654193974;S
20240220;100634;197.320000000;10;9654193975;S
20240220;100634;197.300000000;20;9654193976;S
20240220;100634;197.300000000;50;9654193977;S
20240220;100634;197.280000000;10;9654193978;S
20240220;100634;197.280000000;80;9654193979;S
20240220;100634;197.260000000;470;9654193980;S
20240220;100634;197.260000000;30;9654193981;S
20240220;100634;197.260000000;10;9654193982;S
20240220;100634;197.240000000;100;9654193983;S
20240220;100634;197.240000000;650;9654193984;S
20240220;100642;197.380000000;280;9654195783;S
20240220;100642;197.360000000;70;9654195784;S
20240220;100646;197.440000000;20;9654196677;B
20240220;100646;197.300000000;50;9654196769;S
20240220;100650;197.420000000;10;9654197652;B
20240220;100656;197.380000000;50;9654199020;S
20240220;100656;197.380000000;10;9654199068;S
20240220;100657;197.380000000;50;9654199215;S
20240220;100657;197.300000000;50;9654199216;S
20240220;100657;197.280000000;250;9654199217;S
20240220;100657;197.400000000;10;9654199276;B
20240220;100704;197.400000000;160;9654200488;B
20240220;100704;197.420000000;40;9654200489;B
20240220;100704;197.440000000;970;9654200490;B
20240220;100706;197.320000000;10;9654200842;S
20240220;100707;197.400000000;160;9654200990;B
20240220;100707;197.420000000;310;9654200991;B
20240220;100707;197.420000000;50;9654200992;B
20240220;100707;197.460000000;50;9654200993;B
20240220;100707;197.460000000;40;9654200994;B
20240220;100707;197.480000000;390;9654200995;B
20240220;100707;197.320000000;10;9654201018;S
20240220;100709;197.420000000;760;9654201341;S
20240220;100709;197.400000000;240;9654201342;S
20240220;100712;197.460000000;30;9654202028;B
20240220;100712;197.460000000;130;9654202134;B
20240220;100712;197.460000000;10;9654202135;B
20240220;100712;197.480000000;130;9654202136;B
20240220;100713;197.460000000;80;9654202169;B
20240220;100713;197.480000000;140;9654202233;B
20240220;100714;197.480000000;10;9654202394;B
20240220;100715;197.460000000;10;9654202652;S
20240220;100718;197.480000000;20;9654203299;B
20240220;100721;197.480000000;10;9654203768;B
20240220;100722;197.460000000;10;9654203898;S
20240220;100723;197.480000000;50;9654204208;B
20240220;100724;197.480000000;20;9654204426;B
20240220;100725;197.480000000;400;9654204520;B
20240220;100725;197.480000000;50;9654204521;B
20240220;100725;197.500000000;560;9654204522;B
20240220;100727;197.480000000;190;9654205109;B
20240220;100729;197.500000000;30;9654205470;B
20240220;100730;197.500000000;300;9654205625;B
20240220;100730;197.500000000;30;9654205700;B
20240220;100730;197.500000000;30;9654205760;B
20240220;100730;197.500000000;50;9654205807;B
20240220;100730;197.500000000;20;9654205808;B
20240220;100730;197.500000000;230;9654205809;B
20240220;100731;197.500000000;20;9654205858;B
20240220;100731;197.500000000;170;9654205937;B
20240220;100731;197.500000000;140;9654206030;B
20240220;100731;197.500000000;940;9654206031;B
20240220;100732;197.540000000;10;9654206318;B
20240220;100733;197.540000000;10;9654206461;B
20240220;100733;197.540000000;230;9654206466;B
20240220;100734;197.540000000;10;9654206631;B
20240220;100736;197.520000000;100;9654207107;S
20240220;100736;197.540000000;100;9654207169;B
20240220;100739;197.540000000;10;9654207688;B
20240220;100744;197.540000000;290;9654208546;B
20240220;100745;197.540000000;10;9654208809;B
20240220;100746;197.540000000;50;9654208914;B
20240220;100746;197.540000000;70;9654208957;B
20240220;100749;197.540000000;10;9654209651;B
20240220;100749;197.540000000;6530;9654209652;B
20240220;100749;197.540000000;80;9654209653;B
20240220;100750;197.600000000;30;9654209761;B
20240220;100750;197.600000000;10;9654209762;B
20240220;100754;197.640000000;40;9654210345;B
20240220;100754;197.700000000;100;9654210346;B
20240220;100754;197.700000000;900;9654210347;B
20240220;100754;197.700000000;80;9654210449;B
20240220;100755;197.700000000;20;9654210470;B
20240220;100755;197.700000000;80;9654210471;B
20240220;100755;197.740000000;20;9654210472;B
20240220;100757;197.780000000;40;9654210881;B
20240220;100757;197.780000000;10;9654210882;B
20240220;100758;197.760000000;30;9654211041;S
20240220;100758;197.760000000;60;9654211042;S
20240220;100758;197.740000000;880;9654211043;S
20240220;100758;197.700000000;160;9654211044;S
20240220;100758;197.660000000;370;9654211045;S
20240220;100759;197.680000000;310;9654211242;S
20240220;100759;197.760000000;600;9654211292;S
20240220;100759;197.760000000;150;9654211293;S
20240220;100800;197.660000000;10;9654211334;S
20240220;100804;197.760000000;100;9654212171;B
20240220;100804;197.660000000;90;9654212238;S
20240220;100810;197.780000000;30;9654213306;B
20240220;100811;197.680000000;10;9654213535;S
20240220;100816;197.760000000;30;9654214373;B
20240220;100816;197.680000000;160;9654214443;S
20240220;100816;197.660000000;40;9654214444;S
20240220;100820;197.720000000;10;9654214881;B
20240220;100821;197.660000000;440;9654215032;S
20240220;100825;197.680000000;10;9654215747;S
20240220;100825;197.680000000;140;9654215811;B
20240220;100825;197.680000000;50;9654215812;B
20240220;100826;197.760000000;20;9654215926;B
20240220;100828;197.680000000;10;9654216171;S
20240220;100828;197.740000000;30;9654216561;S
20240220;100829;197.740000000;100;9654216802;S
20240220;100840;197.760000000;10;9654218940;S
20240220;100843;197.780000000;10;9654219447;B
20240220;100845;197.740000000;10;9654219774;S
20240220;100846;197.740000000;210;9654220028;S
20240220;100903;197.740000000;2420;9654222418;S
20240220;100903;197.740000000;10;9654222419;S
20240220;100910;197.680000000;50;9654223449;S
20240220;100923;197.680000000;90;9654225498;S
20240220;100923;197.680000000;260;9654225499;S
20240220;100923;197.680000000;10;9654225500;S
20240220;100924;197.660000000;10;9654225666;S
20240220;100924;197.660000000;10;9654225667;S
20240220;100924;197.660000000;10;9654225668;S
20240220;100931;197.700000000;10;9654226600;B
20240220;100935;197.640000000;200;9654227018;S
20240220;100935;197.640000000;400;9654227019;S
20240220;100935;197.640000000;20;9654227020;S
20240220;100950;197.600000000;10;9654228932;S
20240220;100950;197.600000000;20;9654228933;S
20240220;100950;197.520000000;30;9654229062;S
20240220;101002;197.580000000;300;9654230659;B
20240220;101002;197.600000000;300;9654230714;B
20240220;101003;197.580000000;50;9654230942;B
20240220;101003;197.600000000;100;9654230943;B
20240220;101004;197.520000000;20;9654231001;S
20240220;101004;197.500000000;10;9654231002;S
20240220;101004;197.500000000;50;9654231003;S
20240220;101004;197.500000000;300;9654231004;S
20240220;101004;197.500000000;20;9654231005;S
20240220;101004;197.500000000;50;9654231006;S
20240220;101004;197.500000000;10;9654231007;S
20240220;101004;197.480000000;10;9654231008;S
20240220;101004;197.480000000;250;9654231009;S
20240220;101004;197.480000000;120;9654231010;S
20240220;101010;197.480000000;140;9654232023;S
20240220;101012;197.420000000;50;9654232198;S
20240220;101015;197.540000000;50;9654232839;S
20240220;101018;197.560000000;160;9654233384;B
20240220;101018;197.580000000;1520;9654233385;B
20240220;101018;197.580000000;510;9654233386;B
20240220;101018;197.580000000;140;9654233387;B
20240220;101022;197.580000000;10;9654233856;S
20240220;101022;197.580000000;2360;9654233894;S
20240220;101025;197.600000000;200;9654234170;B
20240220;101027;197.600000000;200;9654234465;B
20240220;101028;197.600000000;20;9654234513;B
20240220;101028;197.600000000;10;9654234579;B
20240220;101029;197.600000000;60;9654234711;B
20240220;101029;197.600000000;110;9654234712;B
20240220;101031;197.660000000;50;9654234926;B
20240220;101031;197.660000000;250;9654234927;B
20240220;101031;197.660000000;50;9654235043;B
20240220;101031;197.660000000;200;9654235044;B
20240220;101035;197.700000000;90;9654235685;B
20240220;101035;197.700000000;50;9654235690;S
20240220;101035;197.700000000;50;9654235691;S
20240220;101035;197.700000000;110;9654235692;S
20240220;101036;197.680000000;10;9654235769;S
20240220;101036;197.700000000;20;9654235807;B
20240220;101038;197.680000000;10;9654236078;S
20240220;101038;197.680000000;10;9654236110;S
20240220;101038;197.680000000;290;9654236111;S
20240220;101046;197.600000000;10;9654237066;S
20240220;101051;197.620000000;80;9654237830;B
20240220;101051;197.640000000;320;9654237831;B
20240220;101058;197.580000000;10;9654238986;S
20240220;101058;197.580000000;300;9654238987;S
20240220;101100;197.560000000;10;9654239336;S
20240220;101101;197.480000000;300;9654239501;S
20240220;101101;197.480000000;160;9654239502;S
20240220;101101;197.460000000;110;9654239503;S
20240220;101102;197.540000000;120;9654239513;B
20240220;101104;197.560000000;10;9654239945;B
20240220;101116;197.540000000;60;9654242260;S
20240220;101116;197.460000000;40;9654242293;S
20240220;101118;197.540000000;20;9654242720;B
20240220;101126;197.560000000;50;9654243891;B
20240220;101127;197.560000000;10;9654244154;B
20240220;101127;197.560000000;10;9654244155;B
20240220;101129;197.500000000;10;9654244454;B
20240220;101130;197.560000000;20;9654244542;B
20240220;101130;197.560000000;20;9654244543;B
20240220;101143;197.580000000;50;9654246680;B
20240220;101143;197.580000000;30;9654246681;B
20240220;101143;197.580000000;20;9654246682;B
20240220;101154;197.580000000;10;9654248573;B
20240220;101202;197.580000000;220;9654249756;B
20240220;101202;197.580000000;10;9654249757;B
20240220;101202;197.580000000;230;9654249758;B
20240220;101202;197.600000000;10;9654249759;B
20240220;101202;197.600000000;30;9654249760;B
20240220;101204;197.560000000;60;9654250184;S
20240220;101204;197.560000000;10;9654250185;S
20240220;101206;197.580000000;10;9654250563;B
20240220;101206;197.600000000;610;9654250564;B
20240220;101206;197.600000000;70;9654250565;B
20240220;101206;197.600000000;50;9654250590;S
20240220;101207;197.600000000;180;9654250837;S
20240220;101210;197.600000000;2080;9654251611;S
20240220;101210;197.600000000;250;9654251612;S
20240220;101210;197.580000000;160;9654251613;S
20240220;101210;197.560000000;10;9654251614;S
20240220;101216;197.560000000;20;9654252750;S
20240220;101217;197.640000000;20;9654252918;B
20240220;101217;197.640000000;10;9654252926;B
20240220;101217;197.640000000;1490;9654252938;B
20240220;101217;197.640000000;510;9654252939;B
20240220;101217;197.640000000;160;9654252940;B
20240220;101217;197.640000000;80;9654252941;B
20240220;101217;197.660000000;2560;9654252942;B
20240220;101217;197.660000000;290;9654252980;B
20240220;101217;197.660000000;10;9654253000;B
20240220;101218;197.660000000;10;9654253055;B
20240220;101218;197.660000000;130;9654253057;B
20240220;101218;197.680000000;180;9654253058;B
20240220;101218;197.700000000;600;9654253059;B
20240220;101218;197.700000000;270;9654253060;B
20240220;101218;197.700000000;80;9654253061;B
20240220;101218;197.760000000;50;9654253062;B
20240220;101218;197.760000000;480;9654253063;B
20240220;101218;197.760000000;200;9654253079;B
20240220;101218;197.780000000;80;9654253080;B
20240220;101218;197.780000000;510;9654253081;B
20240220;101218;197.800000000;20;9654253082;B
20240220;101218;197.800000000;30;9654253083;B
20240220;101218;197.800000000;10;9654253084;B
20240220;101218;197.800000000;250;9654253085;B
20240220;101218;197.800000000;300;9654253086;B
20240220;101218;197.840000000;850;9654253087;B
20240220;101218;197.840000000;280;9654253088;B
20240220;101218;197.820000000;40;9654253098;B
20240220;101218;197.820000000;220;9654253099;B
20240220;101218;197.860000000;20;9654253100;B
20240220;101218;197.860000000;10;9654253101;B
20240220;101218;197.860000000;70;9654253102;B
20240220;101218;197.860000000;440;9654253108;B
20240220;101218;197.860000000;260;9654253109;B
20240220;101218;197.880000000;1010;9654253110;B
20240220;101218;197.920000000;20;9654253111;B
20240220;101218;197.980000000;20;9654253112;B
20240220;101218;197.980000000;100;9654253113;B
20240220;101218;197.980000000;410;9654253114;B
20240220;101218;197.920000000;10;9654253127;B
20240220;101219;197.940000000;20;9654253199;B
20240220;101222;197.760000000;10;9654253723;S
20240220;101224;197.760000000;150;9654254167;S
20240220;101224;197.740000000;760;9654254168;S
20240220;101224;197.740000000;590;9654254169;S
20240220;101224;197.720000000;10;9654254196;S
20240220;101230;197.800000000;2170;9654255083;S
20240220;101231;197.860000000;10;9654255197;B
20240220;101231;197.860000000;70;9654255198;B
20240220;101231;197.860000000;70;9654255199;S
20240220;101231;197.880000000;50;9654255202;B
20240220;101232;197.860000000;100;9654255354;S
20240220;101232;197.860000000;60;9654255355;S
20240220;101232;197.860000000;340;9654255356;S
20240220;101232;197.900000000;10;9654255439;B
20240220;101236;197.880000000;100;9654256067;B
20240220;101237;197.820000000;50;9654256087;S
20240220;101237;197.800000000;150;9654256088;S
20240220;101240;197.860000000;70;9654256584;B
20240220;101240;197.880000000;160;9654256585;B
20240220;101240;197.900000000;770;9654256586;B
20240220;101246;197.900000000;20;9654257479;B
20240220;101247;197.880000000;10;9654257677;S
20240220;101247;197.840000000;70;9654257678;S
20240220;101247;197.820000000;160;9654257679;S
20240220;101247;197.820000000;2690;9654257680;S
20240220;101249;197.880000000;50;9654257888;B
20240220;101250;197.880000000;500;9654257977;B
20240220;101251;197.880000000;50;9654258213;B
20240220;101256;197.880000000;20;9654258942;B
20240220;101257;197.880000000;900;9654259105;B
20240220;101257;197.880000000;100;9654259106;B
20240220;101258;197.880000000;10;9654259344;B
20240220;101259;197.880000000;60;9654259514;B
20240220;101259;197.900000000;160;9654259515;B
20240220;101259;197.900000000;10;9654259516;B
20240220;101259;197.900000000;770;9654259517;B
20240220;101302;197.900000000;100;9654259987;S
20240220;101303;197.940000000;310;9654260127;B
20240220;101303;197.960000000;100;9654260128;B
20240220;101303;198.000000000;70;9654260129;B
20240220;101303;198.000000000;20;9654260130;B
20240220;101303;198.000000000;220;9654260131;B
20240220;101303;198.000000000;20;9654260132;B
20240220;101303;198.000000000;30;9654260133;B
20240220;101303;198.000000000;300;9654260134;B
20240220;101303;198.000000000;500;9654260135;B
20240220;101303;198.000000000;80;9654260139;S
20240220;101303;198.000000000;380;9654260141;S
20240220;101303;198.020000000;30;9654260189;B
20240220;101304;198.000000000;10;9654260264;S
20240220;101304;198.020000000;20;9654260289;B
20240220;101304;198.020000000;40;9654260290;B
20240220;101304;198.040000000;40;9654260291;B
20240220;101304;198.080000000;400;9654260292;B
20240220;101306;198.080000000;260;9654260695;B
20240220;101306;198.100000000;50;9654260696;B
20240220;101306;198.100000000;150;9654260697;B
20240220;101306;198.100000000;40;9654260698;S
20240220;101308;198.080000000;30;9654260972;B
20240220;101311;198.080000000;110;9654261474;B
20240220;101311;198.100000000;50;9654261475;B
20240220;101312;198.040000000;160;9654261624;S
20240220;101316;198.040000000;170;9654262046;B
20240220;101316;198.040000000;10;9654262078;B
20240220;101317;198.040000000;30;9654262176;B
20240220;101317;198.040000000;20;9654262216;B
20240220;101318;198.040000000;100;9654262321;B
20240220;101319;198.040000000;80;9654262416;B
20240220;101320;198.040000000;100;9654262550;B
20240220;101325;198.020000000;50;9654263126;S
20240220;101325;198.020000000;100;9654263127;S
20240220;101325;198.020000000;850;9654263128;S
20240220;101326;198.040000000;40;9654263168;B
20240220;101326;198.000000000;500;9654263178;S
20240220;101327;198.020000000;110;9654263345;S
20240220;101328;198.040000000;140;9654263484;B
20240220;101328;198.040000000;170;9654263485;B
20240220;101329;198.040000000;50;9654263550;B
20240220;101330;198.040000000;90;9654263675;B
20240220;101332;198.040000000;10;9654264064;B
20240220;101332;198.040000000;180;9654264071;B
20240220;101332;198.040000000;80;9654264072;B
20240220;101332;198.060000000;1740;9654264073;B
20240220;101332;198.020000000;90;9654264074;S
20240220;101334;198.020000000;150;9654264356;S
20240220;101334;198.020000000;1520;9654264357;S
20240220;101334;198.020000000;220;9654264358;S
20240220;101334;198.020000000;80;9654264359;S
20240220;101334;198.000000000;4460;9654264360;S
20240220;101334;198.000000000;10;9654264361;S
20240220;101334;198.000000000;50;9654264362;S
20240220;101334;198.000000000;20;9654264363;S
20240220;101334;198.000000000;50;9654264364;S
20240220;101334;198.000000000;2000;9654264365;S
20240220;101334;197.980000000;20;9654264366;S
20240220;101334;197.980000000;50;9654264367;S
20240220;101335;198.000000000;100;9654264566;B
20240220;101336;198.000000000;1000;9654264700;B
20240220;101336;198.000000000;340;9654264762;B
20240220;101336;198.000000000;160;9654264763;B
20240220;101339;198.040000000;50;9654265414;B
20240220;101339;198.060000000;50;9654265415;B
20240220;101339;198.060000000;80;9654265416;S
20240220;101339;198.060000000;100;9654265417;S
20240220;101339;198.060000000;120;9654265418;S
20240220;101340;198.080000000;220;9654265582;B
20240220;101340;198.080000000;80;9654265583;B
20240220;101340;198.100000000;300;9654265584;B
20240220;101346;198.080000000;160;9654266400;B
20240220;101346;198.100000000;40;9654266401;B
20240220;101349;198.080000000;10;9654266879;B
20240220;101349;198.040000000;10;9654267129;S
20240220;101349;198.020000000;40;9654267130;S
20240220;101349;198.080000000;50;9654267167;B
20240220;101351;198.080000000;10;9654267368;B
20240220;101351;198.080000000;200;9654267382;B
20240220;101352;198.040000000;30;9654267515;S
20240220;101353;198.080000000;20;9654267722;B
20240220;101353;198.040000000;20;9654267844;S
20240220;101355;198.080000000;10;9654268113;B
20240220;101356;198.060000000;10;9654268203;B
20240220;101357;198.040000000;20;9654268293;S
20240220;101357;198.040000000;40;9654268316;S
20240220;101357;198.040000000;150;9654268317;S
20240220;101357;198.040000000;10;9654268318;S
20240220;101357;198.040000000;10;9654268319;S
20240220;101357;198.020000000;190;9654268320;S
20240220;101358;198.060000000;10;9654268450;B
20240220;101359;198.040000000;50;9654268589;B
20240220;101401;198.020000000;50;9654268912;S
20240220;101415;198.040000000;30;9654271039;S
20240220;101415;198.060000000;420;9654271052;B
20240220;101415;198.080000000;80;9654271053;B
20240220;101419;198.080000000;20;9654271624;B
20240220;101420;198.060000000;10;9654271795;S
20240220;101420;198.040000000;310;9654271796;S
20240220;101420;198.080000000;100;9654271819;B
20240220;101420;198.080000000;40;9654271820;B
20240220;101420;198.100000000;160;9654271821;B
20240220;101420;198.100000000;80;9654271822;B
20240220;101420;198.120000000;10;9654271823;B
20240220;101420;198.120000000;240;9654271824;B
20240220;101422;198.140000000;100;9654272034;B
20240220;101422;198.140000000;100;9654272035;B
20240220;101423;198.120000000;540;9654272244;S
20240220;101423;198.140000000;80;9654272245;B
20240220;101425;198.100000000;700;9654272561;B
20240220;101425;198.120000000;80;9654272562;B
20240220;101425;198.140000000;220;9654272563;B
20240220;101427;198.140000000;100;9654272801;B
20240220;101427;198.140000000;60;9654272802;B
20240220;101429;198.160000000;1520;9654273011;B
20240220;101429;198.180000000;680;9654273012;B
20240220;101429;198.180000000;70;9654273013;B
20240220;101429;198.200000000;20;9654273014;B
20240220;101429;198.220000000;500;9654273015;B
20240220;101429;198.240000000;10;9654273016;B
20240220;101429;198.260000000;20;9654273017;B
20240220;101429;198.260000000;1820;9654273018;B
20240220;101429;198.280000000;10;9654273019;B
20240220;101429;198.280000000;510;9654273020;B
20240220;101429;198.300000000;2800;9654273021;B
20240220;101429;198.320000000;1000;9654273022;B
20240220;101429;198.320000000;20;9654273023;B
20240220;101429;198.340000000;5000;9654273024;B
20240220;101429;198.340000000;5000;9654273025;B
20240220;101429;198.360000000;100;9654273026;B
20240220;101429;198.360000000;500;9654273027;B
20240220;101429;198.380000000;580;9654273028;B
20240220;101429;198.380000000;20;9654273029;B
20240220;101429;198.440000000;3000;9654273030;B
20240220;101429;198.460000000;1160;9654273031;B
20240220;101429;198.480000000;600;9654273032;B
20240220;101429;198.500000000;260;9654273033;B
20240220;101429;198.520000000;5000;9654273034;B
20240220;101429;198.560000000;5000;9654273035;B
20240220;101429;198.580000000;100;9654273036;B
20240220;101429;198.600000000;1720;9654273037;B
20240220;101429;198.600000000;500;9654273038;B
20240220;101429;198.620000000;3480;9654273039;B
20240220;101429;198.360000000;70;9654273040;B
20240220;101429;198.600000000;1520;9654273041;B
20240220;101429;198.640000000;20;9654273042;B
20240220;101429;198.740000000;1200;9654273043;B
20240220;101429;198.760000000;50;9654273044;B
20240220;101429;198.760000000;250;9654273045;B
20240220;101429;198.760000000;500;9654273046;B
20240220;101429;198.760000000;10;9654273047;B
20240220;101429;198.760000000;10;9654273048;B
20240220;101429;198.360000000;360;9654273049;S
20240220;101429;198.420000000;300;9654273050;S
20240220;101429;198.400000000;140;9654273051;S
20240220;101429;198.360000000;160;9654273052;S
20240220;101429;198.340000000;70;9654273053;S
20240220;101429;198.300000000;30;9654273054;B
20240220;101429;198.300000000;60;9654273140;B
20240220;101429;198.540000000;20;9654273141;B
20240220;101429;198.500000000;500;9654273183;B
20240220;101430;198.380000000;50;9654273285;S
20240220;101430;198.380000000;50;9654273286;S
20240220;101430;198.380000000;100;9654273291;S
20240220;101430;198.360000000;100;9654273299;S
20240220;101430;198.360000000;80;9654273300;S
20240220;101430;198.360000000;100;9654273310;S
20240220;101431;198.420000000;510;9654273411;B
20240220;101432;198.440000000;20;9654273507;B
20240220;101432;198.440000000;10;9654273526;B
20240220;101432;198.440000000;10;9654273625;B
20240220;101433;198.440000000;160;9654273844;S
20240220;101433;198.420000000;900;9654273845;S
20240220;101435;198.540000000;20;9654274143;B
20240220;101436;198.440000000;110;9654274297;S
20240220;101437;198.480000000;20;9654274573;S
20240220;101440;198.480000000;140;9654275627;S
20240220;101440;198.480000000;340;9654275642;S
20240220;101443;198.480000000;20;9654276618;S
20240220;101444;198.500000000;280;9654276760;B
20240220;101444;198.520000000;80;9654276761;B
20240220;101444;198.480000000;500;9654276817;S
20240220;101446;198.520000000;10;9654277053;B
20240220;101446;198.520000000;30;9654277147;B
20240220;101447;198.480000000;500;9654277322;S
20240220;101455;198.500000000;60;9654278642;B
20240220;101455;198.520000000;100;9654278643;B
20240220;101455;198.520000000;40;9654278644;B
20240220;101455;198.560000000;40;9654278645;B
20240220;101455;198.560000000;160;9654278646;B
20240220;101455;198.640000000;80;9654278664;S
20240220;101455;198.640000000;2250;9654278667;S
20240220;101456;198.560000000;160;9654278851;S
20240220;101456;198.520000000;20;9654278852;S
20240220;101456;198.560000000;50;9654278879;S
20240220;101457;198.520000000;20;9654278940;S
20240220;101458;198.540000000;180;9654279158;S
20240220;101501;198.520000000;660;9654279499;S
20240220;101501;198.500000000;170;9654279500;S
20240220;101501;198.500000000;50;9654279501;S
20240220;101501;198.480000000;10;9654279502;S
20240220;101501;198.480000000;2970;9654279503;S
20240220;101501;198.460000000;1000;9654279504;S
20240220;101501;198.460000000;20;9654279505;S
20240220;101501;198.460000000;320;9654279506;S
20240220;101501;198.440000000;100;9654279507;S
20240220;101501;198.440000000;10;9654279508;S
20240220;101501;198.420000000;160;9654279509;S
20240220;101501;198.420000000;500;9654279510;S
20240220;101501;198.360000000;1820;9654279511;S
20240220;101501;198.360000000;60;9654279512;S
20240220;101501;198.340000000;100;9654279513;S
20240220;101501;198.280000000;630;9654279514;S
20240220;101501;198.280000000;320;9654279515;S
20240220;101501;198.260000000;4600;9654279516;S
20240220;101501;198.240000000;5000;9654279517;S
20240220;101501;198.220000000;2840;9654279518;S
20240220;101503;198.240000000;320;9654279946;S
20240220;101503;198.200000000;300;9654279947;S
20240220;101503;198.200000000;160;9654279948;S
20240220;101503;198.180000000;20;9654279949;S
20240220;101505;198.340000000;10;9654280521;B
20240220;101507;198.320000000;10;9654280801;B
20240220;101509;198.320000000;80;9654281054;B
20240220;101509;198.340000000;50;9654281055;B
20240220;101509;198.340000000;110;9654281056;B
20240220;101511;198.300000000;110;9654281531;B
20240220;101513;198.340000000;10;9654282126;B
20240220;101515;198.320000000;10;9654282527;B
20240220;101519;198.180000000;60;9654283522;S
20240220;101531;198.240000000;10;9654286256;S
20240220;101532;198.260000000;20;9654286483;B
20240220;101532;198.260000000;80;9654286484;B
20240220;101534;198.260000000;100;9654286872;B
20240220;101537;198.240000000;10;9654287504;B
20240220;101544;198.220000000;300;9654288736;B
20240220;101548;198.220000000;170;9654289586;B
20240220;101550;198.220000000;880;9654289909;B
20240220;101553;198.200000000;70;9654290401;S
20240220;101553;198.200000000;30;9654290402;S
20240220;101553;198.200000000;40;9654290403;S
20240220;101554;198.200000000;10;9654290639;B
20240220;101555;198.180000000;100;9654290703;S
20240220;101555;198.180000000;10;9654290798;S
20240220;101556;198.180000000;150;9654290860;S
20240220;101556;198.200000000;100;9654290952;B
20240220;101557;198.200000000;50;9654291224;B
20240220;101600;198.180000000;500;9654291737;S
20240220;101604;198.200000000;700;9654292511;B
20240220;101604;198.200000000;160;9654292512;B
20240220;101604;198.200000000;10;9654292599;B
20240220;101605;198.200000000;10;9654292833;B
20240220;101606;198.180000000;10;9654292902;S
20240220;101606;198.200000000;50;9654292966;B
20240220;101608;198.200000000;10;9654293367;B
20240220;101609;198.180000000;10;9654293559;S
20240220;101613;198.200000000;10;9654294268;B
20240220;101617;198.200000000;10;9654295231;B
20240220;101618;198.180000000;140;9654295307;S
20240220;101618;198.180000000;540;9654295308;S
20240220;101618;198.200000000;20;9654295379;B
20240220;101618;198.220000000;40;9654295380;B
20240220;101624;198.200000000;10;9654296531;B
20240220;101627;198.200000000;60;9654297066;B
20240220;101627;198.180000000;270;9654297118;S
20240220;101628;198.200000000;70;9654297229;B
20240220;101629;198.200000000;10;9654297573;B
20240220;101629;198.200000000;20;9654297589;B
20240220;101630;198.180000000;190;9654297649;S
20240220;101630;198.180000000;10;9654297650;S
20240220;101630;198.180000000;160;9654297651;S
20240220;101631;198.180000000;100;9654297800;B
20240220;101631;198.180000000;30;9654297933;B
20240220;101632;198.180000000;10;9654297994;B
20240220;101633;198.180000000;10;9654298167;B
20240220;101633;198.180000000;10;9654298281;B
20240220;101634;198.180000000;10;9654298419;B
20240220;101635;198.180000000;70;9654298655;B
20240220;101635;198.180000000;260;9654298656;B
20240220;101635;198.180000000;160;9654298657;B
20240220;101635;198.180000000;70;9654298711;B
20240220;101636;198.180000000;440;9654298874;B
20240220;101636;198.180000000;60;9654298875;B
20240220;101637;198.180000000;60;9654299137;B
20240220;101638;198.180000000;50;9654299480;B
20240220;101639;198.180000000;40;9654299709;B
20240220;101640;198.160000000;10;9654299900;S
20240220;101641;198.160000000;160;9654299936;S
20240220;101643;198.180000000;60;9654300213;B
20240220;101643;198.180000000;200;9654300270;B
20240220;101645;198.180000000;500;9654300575;B
20240220;101645;198.180000000;70;9654300653;B
20240220;101646;198.160000000;50;9654300815;S
20240220;101646;198.160000000;30;9654300830;S
20240220;101646;198.160000000;80;9654300831;S
20240220;101646;198.140000000;390;9654300832;S
20240220;101647;198.160000000;60;9654300862;B
20240220;101647;198.160000000;70;9654300904;B
20240220;101647;198.180000000;130;9654300905;B
20240220;101647;198.140000000;10;9654300927;S
20240220;101647;198.180000000;70;9654300932;B
20240220;101647;198.180000000;10;9654300945;B
20240220;101650;198.180000000;10;9654301473;B
20240220;101651;198.140000000;20;9654301610;S
20240220;101651;198.180000000;500;9654301613;B
20240220;101652;198.160000000;50;9654301830;B
20240220;101652;198.180000000;10;9654301831;B
20240220;101652;198.180000000;10;9654301853;B
20240220;101653;198.140000000;500;9654301925;S
20240220;101653;198.160000000;20;9654301932;B
20240220;101654;198.160000000;10;9654302095;B
20240220;101655;198.160000000;10;9654302139;B
20240220;101655;198.160000000;20;9654302148;B
20240220;101655;198.180000000;10;9654302149;B
20240220;101656;198.180000000;30;9654302302;B
20240220;101657;198.180000000;80;9654302422;B
20240220;101703;198.140000000;50;9654303403;S
20240220;101710;198.180000000;310;9654304488;B
20240220;101713;198.160000000;10;9654304971;B
20240220;101715;198.140000000;30;9654305336;S
20240220;101715;198.140000000;30;9654305337;S
20240220;101715;198.140000000;10;9654305338;S
20240220;101715;198.100000000;50;9654305339;S
20240220;101715;198.100000000;50;9654305340;S
20240220;101715;198.100000000;30;9654305341;S
20240220;101715;198.100000000;420;9654305342;S
20240220;101715;198.060000000;180;9654305343;S
20240220;101715;198.060000000;250;9654305344;S
20240220;101715;198.040000000;160;9654305345;S
20240220;101715;198.040000000;2000;9654305346;S
20240220;101715;198.040000000;30;9654305347;S
20240220;101715;198.040000000;400;9654305348;S
20240220;101715;198.020000000;730;9654305349;S
20240220;101715;198.020000000;200;9654305350;S
20240220;101715;198.020000000;10000;9654305351;S
20240220;101715;198.020000000;10;9654305352;S
20240220;101715;198.020000000;160;9654305353;S
20240220;101715;198.000000000;10;9654305354;S
20240220;101715;198.000000000;50;9654305355;S
20240220;101715;198.000000000;100;9654305356;S
20240220;101715;198.000000000;50;9654305357;S
20240220;101715;198.000000000;20;9654305358;S
20240220;101715;198.000000000;150;9654305359;S
20240220;101715;198.000000000;50;9654305360;S
20240220;101715;198.000000000;20;9654305361;S
20240220;101715;198.000000000;10;9654305362;S
20240220;101715;198.000000000;150;9654305363;S
20240220;101715;198.000000000;100;9654305364;S
20240220;101715;198.000000000;260;9654305365;S
20240220;101715;198.000000000;10;9654305366;S
20240220;101715;198.000000000;100;9654305367;S
20240220;101715;198.000000000;500;9654305368;S
20240220;101715;197.980000000;70;9654305396;S
20240220;101715;197.940000000;20;9654305397;S
20240220;101715;197.920000000;10;9654305398;S
20240220;101715;197.920000000;200;9654305399;S
20240220;101715;197.900000000;60;9654305400;S
20240220;101715;197.900000000;50;9654305401;S
20240220;101715;197.900000000;300;9654305402;S
20240220;101715;197.880000000;40;9654305403;S
20240220;101715;197.860000000;20;9654305404;S
20240220;101715;197.860000000;40;9654305405;S
20240220;101715;197.860000000;300;9654305406;S
20240220;101715;197.860000000;250;9654305407;S
20240220;101715;197.840000000;40;9654305408;S
20240220;101715;197.840000000;500;9654305409;S
20240220;101715;197.840000000;400;9654305410;S
20240220;101715;197.820000000;2310;9654305487;S
20240220;101715;197.820000000;20;9654305488;S
20240220;101715;197.820000000;50;9654305489;S
20240220;101715;197.820000000;100;9654305490;S
20240220;101715;197.820000000;300;9654305491;S
20240220;101715;197.800000000;160;9654305492;S
20240220;101716;197.820000000;20;9654305565;S
20240220;101719;197.840000000;70;9654306249;B
20240220;101719;197.840000000;20;9654306285;B
20240220;101720;197.840000000;150;9654306480;B
20240220;101721;197.840000000;20;9654306552;B
20240220;101722;197.840000000;200;9654306664;B
20240220;101725;197.800000000;40;9654307065;S
20240220;101727;197.840000000;60;9654307453;B
20240220;101732;197.820000000;10;9654308232;S
20240220;101733;197.840000000;90;9654308372;B
20240220;101736;197.840000000;230;9654309111;B
20240220;101736;197.840000000;70;9654309145;B
20240220;101739;197.900000000;20;9654309685;B
20240220;101744;197.900000000;10;9654310394;B
20240220;101744;197.800000000;160;9654310450;S
20240220;101746;197.840000000;300;9654310663;B
20240220;101746;197.880000000;160;9654310664;B
20240220;101746;198.100000000;340;9654310665;B
20240220;101747;197.820000000;90;9654311010;S
20240220;101747;197.800000000;140;9654311011;S
20240220;101747;197.800000000;70;9654311012;S
20240220;101801;197.820000000;30;9654312971;S
20240220;101801;197.820000000;270;9654312972;S
20240220;101805;197.900000000;10;9654313467;B
20240220;101805;197.880000000;10;9654313600;S
20240220;101805;197.840000000;50;9654313601;S
20240220;101805;197.840000000;60;9654313602;S
20240220;101805;197.820000000;180;9654313603;S
20240220;101807;197.900000000;150;9654313815;B
20240220;101809;197.840000000;20;9654314123;S
20240220;101809;197.820000000;130;9654314124;S
20240220;101812;197.900000000;300;9654314479;B
20240220;101812;197.900000000;100;9654314480;B
20240220;101812;197.880000000;100;9654314609;S
20240220;101812;197.840000000;10;9654314610;S
20240220;101812;197.820000000;500;9654314611;S
20240220;101812;197.820000000;340;9654314612;S
20240220;101812;197.800000000;430;9654314613;S
20240220;101812;197.800000000;70;9654314614;S
20240220;101812;197.800000000;1050;9654314615;S
20240220;101813;197.880000000;20;9654314678;B
20240220;101813;197.880000000;60;9654314701;B
20240220;101820;197.860000000;20;9654315928;S
20240220;101821;197.860000000;80;9654316115;S
20240220;101825;197.880000000;90;9654316683;S
20240220;101825;197.860000000;50;9654316684;S
20240220;101828;197.900000000;120;9654317160;B
20240220;101830;197.880000000;10;9654317462;S
20240220;101832;197.900000000;300;9654317767;B
20240220;101832;197.940000000;60;9654317768;B
20240220;101832;197.940000000;40;9654317769;B
20240220;101846;197.900000000;80;9654321015;S
20240220;101846;197.900000000;60;9654321016;S
20240220;101848;197.880000000;160;9654321407;S
20240220;101848;197.880000000;10;9654321408;S
20240220;101848;197.860000000;50;9654321409;S
20240220;101848;197.860000000;1000;9654321410;S
20240220;101848;197.860000000;30;9654321411;S
20240220;101848;197.860000000;500;9654321412;S
20240220;101848;197.840000000;300;9654321413;S
20240220;101848;197.840000000;100;9654321414;S
20240220;101848;197.820000000;100;9654321415;S
20240220;101848;197.800000000;1470;9654321416;S
20240220;101848;197.800000000;20;9654321417;S
20240220;101848;197.800000000;10;9654321418;S
20240220;101848;197.800000000;50;9654321419;S
20240220;101848;197.800000000;20;9654321420;S
20240220;101848;197.800000000;100;9654321421;S
20240220;101848;197.800000000;10;9654321422;S
20240220;101848;197.800000000;10;9654321423;S
20240220;101848;197.800000000;70;9654321424;S
20240220;101848;197.800000000;10;9654321425;S
20240220;101848;197.800000000;360;9654321426;S
20240220;101848;197.800000000;10;9654321427;S
20240220;101848;197.800000000;20;9654321428;S
20240220;101848;197.800000000;10;9654321429;S
20240220;101848;197.800000000;20;9654321430;S
20240220;101848;197.800000000;100;9654321431;S
20240220;101848;197.800000000;20;9654321432;S
20240220;101848;197.800000000;500;9654321433;S
20240220;101848;197.800000000;10;9654321434;S
20240220;101848;197.800000000;10;9654321435;S
20240220;101848;197.800000000;20;9654321436;S
20240220;101848;197.800000000;600;9654321437;S
20240220;101848;197.800000000;500;9654321438;S
20240220;101848;197.800000000;200;9654321440;B
20240220;101852;197.780000000;10;9654322364;S
20240220;101852;197.760000000;30;9654322365;S
20240220;101857;197.840000000;20;9654324140;B
20240220;101902;197.860000000;70;9654325198;B
20240220;101908;197.780000000;200;9654326789;S
20240220;101908;197.760000000;100;9654326790;S
20240220;101908;197.760000000;100;9654326791;B
20240220;101909;197.760000000;2000;9654326954;B
20240220;101909;197.760000000;50;9654327068;B
20240220;101915;197.760000000;10;9654328231;B
20240220;101918;197.760000000;20;9654328978;B
20240220;101919;197.760000000;50;9654329128;B
20240220;101921;197.740000000;110;9654329724;S
20240220;101923;197.760000000;10;9654330314;B
20240220;101927;197.760000000;10;9654331312;B
20240220;101931;197.740000000;190;9654332247;S
20240220;101931;197.740000000;10;9654332248;S
20240220;101932;197.760000000;10;9654332523;B
20240220;101934;197.760000000;20;9654333030;B
20240220;101946;197.760000000;10;9654336139;B
20240220;101947;197.760000000;10;9654336562;B
20240220;101948;197.740000000;10;9654336759;S
20240220;101948;197.740000000;70;9654336760;S
20240220;101948;197.740000000;40;9654336761;S
20240220;101948;197.720000000;40;9654336762;S
20240220;101948;197.720000000;1520;9654336763;S
20240220;101948;197.700000000;820;9654336764;S
20240220;101949;197.760000000;100;9654336878;B
20240220;101952;197.760000000;20;9654337762;B
20240220;101954;197.760000000;410;9654338028;B
20240220;101955;197.760000000;10;9654338317;B
20240220;101955;197.740000000;10;9654338450;S
20240220;101955;197.720000000;90;9654338528;S
20240220;101955;197.700000000;900;9654338529;S
20240220;101955;197.700000000;50;9654338530;S
20240220;101955;197.700000000;10;9654338531;S
20240220;101955;197.700000000;50;9654338532;S
20240220;101955;197.700000000;20;9654338533;S
20240220;101955;197.680000000;30;9654338534;S
20240220;101955;197.660000000;320;9654338535;S
20240220;101955;197.640000000;30;9654338536;S
20240220;101955;197.640000000;160;9654338537;S
20240220;101955;197.600000000;30;9654338538;S
20240220;101955;197.600000000;50;9654338539;S
20240220;101955;197.600000000;10;9654338540;S
20240220;101955;197.600000000;300;9654338541;S
20240220;101955;197.600000000;30;9654338542;S
20240220;101955;197.600000000;10;9654338543;S
20240220;101955;197.580000000;10;9654338544;S
20240220;101955;197.580000000;1520;9654338545;S
20240220;101955;197.580000000;500;9654338546;S
20240220;101955;197.560000000;20;9654338547;S
20240220;101955;197.560000000;150;9654338548;S
20240220;101955;197.560000000;30;9654338549;S
20240220;101955;197.540000000;80;9654338550;S
20240220;101955;197.520000000;30;9654338551;S
20240220;101955;197.520000000;300;9654338552;S
20240220;101955;197.520000000;510;9654338553;S
20240220;101955;197.500000000;10;9654338554;S
20240220;101955;197.500000000;100;9654338555;S
20240220;101955;197.500000000;2000;9654338556;S
20240220;101955;197.500000000;10;9654338557;S
20240220;101955;197.500000000;20;9654338558;S
20240220;101955;197.500000000;50;9654338559;S
20240220;101955;197.500000000;10;9654338560;B
20240220;101955;197.500000000;530;9654338561;B
20240220;101955;197.480000000;30;9654338563;S
20240220;101955;197.480000000;20;9654338564;S
20240220;101955;197.480000000;850;9654338565;S
20240220;101955;197.480000000;10;9654338607;S
20240220;101955;197.500000000;1200;9654338614;B
20240220;101956;197.480000000;200;9654338653;S
20240220;101956;197.480000000;100;9654338677;S
20240220;101956;197.480000000;50;9654338720;S
20240220;101956;197.480000000;20;9654338724;S
20240220;101957;197.500000000;10;9654339059;B
20240220;101958;197.500000000;160;9654339077;B
20240220;101958;197.500000000;560;9654339104;B
20240220;101959;197.500000000;100;9654339525;B
20240220;101959;197.540000000;20;9654339526;B
20240220;101959;197.540000000;280;9654339527;B
20240220;101959;197.540000000;130;9654339528;B
20240220;101959;197.540000000;30;9654339529;B
20240220;101959;197.540000000;70;9654339530;B
20240220;101959;197.540000000;100;9654339531;B
20240220;101959;197.540000000;20;9654339651;B
20240220;102000;197.540000000;310;9654339821;B
20240220;102005;197.500000000;250;9654341043;S
20240220;102006;197.500000000;30;9654341139;S
20240220;102013;197.600000000;100;9654342578;B
20240220;102014;197.520000000;90;9654342807;S
20240220;102014;197.500000000;50;9654342808;S
20240220;102014;197.500000000;60;9654342809;S
20240220;102017;197.520000000;10;9654343581;S
20240220;102027;197.600000000;10;9654348961;B
20240220;102028;197.520000000;20;9654350190;B
20240220;102033;197.660000000;30;9654352581;B
20240220;102035;197.660000000;10;9654353335;B
20240220;102042;197.600000000;10;9654357034;B
20240220;102046;197.520000000;200;9654358986;S
20240220;102055;197.600000000;40;9654362619;B
20240220;102109;197.620000000;80;9654368042;B
20240220;102109;197.640000000;20;9654368043;B
20240220;102115;197.640000000;50;9654369214;B
20240220;102116;197.660000000;20;9654369485;B
20240220;102116;197.600000000;60;9654369648;S
20240220;102126;197.560000000;10;9654374111;S
20240220;102129;197.600000000;20;9654376161;B
20240220;102134;197.560000000;30;9654377938;S
20240220;102138;197.540000000;120;9654381618;S
20240220;102138;197.540000000;80;9654381619;S
20240220;102138;197.520000000;160;9654381620;S
20240220;102138;197.520000000;510;9654381621;S
20240220;102138;197.520000000;1520;9654381622;S
20240220;102138;197.500000000;10;9654381623;S
20240220;102138;197.500000000;10;9654381624;S
20240220;102138;197.500000000;10;9654381625;S
20240220;102138;197.500000000;10;9654381626;S
20240220;102138;197.500000000;100;9654381627;S
20240220;102138;197.500000000;10;9654381628;S
20240220;102138;197.500000000;1000;9654381629;S
20240220;102138;197.500000000;10;9654381630;S
20240220;102138;197.500000000;500;9654381631;S
20240220;102138;197.480000000;40;9654381632;S
20240220;102138;197.480000000;2000;9654381633;S
20240220;102138;197.480000000;10;9654381634;S
20240220;102138;197.460000000;40;9654381635;S
20240220;102138;197.460000000;10;9654381636;S
20240220;102138;197.440000000;1000;9654381637;S
20240220;102138;197.440000000;30;9654381638;S
20240220;102138;197.440000000;10;9654381639;S
20240220;102138;197.440000000;10;9654381640;S
20240220;102138;197.420000000;10;9654381641;S
20240220;102138;197.400000000;10;9654381642;S
20240220;102138;197.400000000;60;9654381643;S
20240220;102138;197.400000000;480;9654381644;S
20240220;102138;197.400000000;1610;9654381645;S
20240220;102138;197.400000000;30;9654381646;S
20240220;102138;197.400000000;300;9654381647;S
20240220;102138;197.400000000;590;9654381648;S
20240220;102138;197.400000000;10;9654381649;S
20240220;102138;197.380000000;300;9654381650;S
20240220;102138;197.380000000;10;9654381651;S
20240220;102138;197.380000000;10;9654381652;S
20240220;102138;197.380000000;500;9654381653;S
20240220;102138;197.360000000;30;9654381654;S
20240220;102138;197.360000000;10;9654381655;S
20240220;102138;197.340000000;40;9654381656;S
20240220;102138;197.320000000;100;9654381657;S
20240220;102138;197.320000000;30;9654381658;S
20240220;102138;197.320000000;300;9654381659;S
20240220;102138;197.300000000;10;9654381660;S
20240220;102138;197.300000000;500;9654381661;S
20240220;102138;197.300000000;200;9654381662;S
20240220;102138;197.300000000;200;9654381663;S
20240220;102138;197.300000000;50;9654381664;S
20240220;102138;197.300000000;390;9654381665;S
20240220;102138;197.300000000;100;9654381666;S
20240220;102138;197.300000000;650;9654381667;S
20240220;102138;197.300000000;100;9654381668;S
20240220;102138;197.300000000;100;9654381669;S
20240220;102138;197.280000000;100;9654381670;S
20240220;102138;197.280000000;30;9654381671;S
20240220;102138;197.260000000;200;9654381672;S
20240220;102138;197.240000000;200;9654381673;S
20240220;102138;197.240000000;50;9654381674;S
20240220;102138;197.240000000;30;9654381675;S
20240220;102138;197.240000000;30;9654381676;S
20240220;102138;197.240000000;10;9654381677;S
20240220;102138;197.220000000;900;9654381678;S
20240220;102138;197.220000000;10;9654381679;S
20240220;102138;197.220000000;10;9654381680;S
20240220;102138;197.220000000;20;9654381681;S
20240220;102138;197.220000000;5000;9654381682;S
20240220;102138;197.220000000;5000;9654381683;S
20240220;102138;197.220000000;5000;9654381684;S
20240220;102138;197.220000000;10;9654381685;S
20240220;102138;197.200000000;6750;9654381686;S
20240220;102138;197.460000000;10;9654381695;B
20240220;102138;197.220000000;10;9654381698;S
20240220;102138;197.220000000;390;9654381699;S
20240220;102138;197.240000000;160;9654381704;S
20240220;102138;197.220000000;1130;9654381705;S
20240220;102138;197.200000000;280;9654381706;S
20240220;102138;197.200000000;300;9654381707;S
20240220;102138;197.200000000;10;9654381708;S
20240220;102138;197.200000000;10;9654381709;S
20240220;102138;197.200000000;370;9654381710;S
20240220;102138;197.440000000;10;9654381738;B
20240220;102138;197.440000000;10;9654381739;B
20240220;102138;197.440000000;10;9654381741;B
20240220;102138;197.440000000;10;9654381745;B
20240220;102138;197.420000000;10;9654381756;S
20240220;102138;197.420000000;10;9654381757;S
20240220;102138;197.500000000;10;9654381765;B
20240220;102138;197.500000000;10;9654381767;B
20240220;102138;197.500000000;10;9654381769;B
20240220;102139;197.480000000;10;9654381814;B
20240220;102139;197.480000000;10;9654381815;B
20240220;102139;197.480000000;10;9654381816;B
20240220;102139;197.480000000;10;9654381845;B
20240220;102139;197.480000000;10;9654381859;B
20240220;102139;197.480000000;10;9654381862;B
20240220;102139;197.480000000;10;9654381956;B
20240220;102139;197.480000000;10;9654381975;B
20240220;102139;197.440000000;10;9654381992;B
20240220;102139;197.420000000;30;9654382208;B
20240220;102142;197.440000000;10;9654383230;B
20240220;102151;197.380000000;10;9654387388;S
20240220;102152;197.380000000;10;9654387601;S
20240220;102152;197.360000000;10;9654387602;S
20240220;102153;197.340000000;10;9654387730;B
20240220;102159;197.360000000;10;9654390393;B
20240220;102200;197.340000000;160;9654390855;B
20240220;102200;197.360000000;120;9654390856;B
20240220;102200;197.360000000;10;9654390857;B
20240220;102200;197.380000000;300;9654390858;B
20240220;102200;197.400000000;700;9654390859;B
20240220;102200;197.440000000;30;9654390860;B
20240220;102200;197.440000000;1820;9654390861;B
20240220;102200;197.460000000;320;9654390862;B
20240220;102200;197.460000000;3600;9654390863;B
20240220;102200;197.500000000;620;9654390864;B
20240220;102200;197.520000000;1000;9654390865;B
20240220;102200;197.540000000;1820;9654390866;B
20240220;102200;197.560000000;580;9654390867;B
20240220;102200;197.600000000;80;9654390868;B
20240220;102200;197.600000000;500;9654390869;B
20240220;102200;197.620000000;1520;9654390870;B
20240220;102200;197.640000000;2840;9654390871;B
20240220;102200;197.660000000;7980;9654390872;B
20240220;102200;197.660000000;20;9654390873;B
20240220;102200;197.660000000;50;9654390874;B
20240220;102200;197.660000000;20;9654390875;B
20240220;102200;197.700000000;510;9654390876;B
20240220;102200;197.720000000;720;9654390877;B
20240220;102200;197.480000000;30;9654390924;S
20240220;102205;197.620000000;80;9654393053;B
20240220;102205;197.640000000;200;9654393054;B
20240220;102208;197.520000000;100;9654393941;S
20240220;102212;197.600000000;40;9654395389;B
20240220;102234;197.600000000;10;9654404838;B
20240220;102238;197.600000000;10;9654405664;B
20240220;102240;197.720000000;30;9654406692;B
20240220;102240;197.720000000;220;9654406693;B
20240220;102243;197.600000000;40;9654409162;B
20240220;102256;197.620000000;10;9654414229;S
20240220;102256;197.600000000;60;9654414230;S
20240220;102256;197.600000000;160;9654414231;S
20240220;102256;197.600000000;10;9654414335;B
20240220;102258;197.600000000;760;9654414717;B
20240220;102311;197.640000000;10;9654419672;B
20240220;102317;197.620000000;10;9654422295;S
20240220;102321;197.620000000;10;9654422975;S
20240220;102322;197.640000000;10;9654423286;B
20240220;102324;197.640000000;30;9654423442;B
20240220;102324;197.720000000;10;9654423443;B
20240220;102324;197.740000000;10;9654423444;B
20240220;102331;197.740000000;10;9654426576;B
20240220;102334;197.760000000;10;9654427613;B
20240220;102337;197.760000000;10;9654428468;S
20240220;102344;197.760000000;1820;9654431936;S
20240220;102344;197.740000000;40;9654431937;S
20240220;102344;197.740000000;20;9654431938;S
20240220;102350;197.740000000;10;9654433269;B
20240220;102353;197.700000000;40;9654435252;B
20240220;102355;197.720000000;50;9654435951;B
20240220;102355;197.700000000;20;9654435953;S
20240220;102355;197.700000000;130;9654435956;S
20240220;102355;197.700000000;10;9654435957;S
20240220;102355;197.680000000;10;9654436032;S
20240220;102356;197.640000000;10;9654436244;S
20240220;102356;197.620000000;40;9654436245;S
20240220;102356;197.640000000;20;9654436259;S
20240220;102356;197.620000000;10;9654436274;S
20240220;102402;197.620000000;10;9654438856;S
20240220;102408;197.700000000;10;9654441115;B
20240220;102410;197.700000000;10;9654441319;B
20240220;102410;197.720000000;200;9654441320;B
20240220;102410;197.740000000;100;9654441321;B
20240220;102410;197.740000000;20;9654441322;B
20240220;102410;197.760000000;180;9654441323;B
20240220;102410;197.760000000;120;9654441324;B
20240220;102410;197.760000000;170;9654441325;B
20240220;102425;197.780000000;10;9654447360;B
20240220;102428;197.660000000;20;9654447791;S
20240220;102430;197.660000000;10;9654448285;S
20240220;102430;197.660000000;10;9654448286;S
20240220;102430;197.640000000;150;9654448287;S
20240220;102430;197.740000000;30;9654448420;B
20240220;102431;197.720000000;120;9654448607;B
20240220;102431;197.740000000;1520;9654448608;B
20240220;102431;197.760000000;100;9654448609;B
20240220;102431;197.760000000;500;9654448610;B
20240220;102431;197.780000000;30;9654448611;B
20240220;102431;197.800000000;130;9654448612;B
20240220;102431;197.800000000;160;9654448613;B
20240220;102501;197.840000000;10;9654458969;B
20240220;102501;197.840000000;10;9654459013;B
20240220;102501;197.860000000;20;9654459022;B
20240220;102501;197.860000000;10;9654459072;B
20240220;102502;197.860000000;10;9654459103;B
20240220;102502;197.860000000;10;9654459148;B
20240220;102502;197.860000000;10;9654459218;B
20240220;102503;197.860000000;10;9654459413;B
20240220;102503;197.860000000;10;9654459446;B
20240220;102504;197.860000000;10;9654460017;B
20240220;102504;197.860000000;10;9654460041;B
20240220;102513;197.860000000;10;9654463412;B
20240220;102513;197.880000000;90;9654463413;B
20240220;102513;197.880000000;40;9654463414;B
20240220;102513;197.900000000;560;9654463415;B
20240220;102513;197.940000000;100;9654463416;B
20240220;102513;197.940000000;500;9654463417;B
20240220;102513;198.000000000;40;9654463418;B
20240220;102513;198.000000000;170;9654463419;B
20240220;102513;198.000000000;30;9654463420;B
20240220;102513;198.000000000;460;9654463421;B
20240220;102514;197.880000000;40;9654463634;S
20240220;102514;197.860000000;110;9654463635;S
20240220;102516;197.920000000;10;9654464389;B
20240220;102517;197.920000000;10;9654464519;B
20240220;102521;197.900000000;110;9654465417;B
20240220;102521;197.920000000;90;9654465418;B
20240220;102529;197.860000000;40;9654468254;S
20240220;102529;197.860000000;160;9654468255;S
20240220;102529;197.860000000;30;9654468256;S
20240220;102529;197.820000000;600;9654468257;S
20240220;102529;197.800000000;1370;9654468258;S
20240220;102529;197.920000000;20;9654468280;B
20240220;102533;197.900000000;10;9654469136;B
20240220;102541;197.880000000;20;9654472042;B
20240220;102544;197.880000000;10;9654472676;B
20240220;102548;197.900000000;110;9654474689;B
20240220;102548;197.920000000;180;9654474690;B
20240220;102548;197.940000000;10;9654474691;B
20240220;102548;197.940000000;210;9654474692;B
20240220;102550;197.840000000;100;9654475125;S
20240220;102553;197.920000000;10;9654475980;B
20240220;102620;197.860000000;70;9654485333;S
20240220;102623;197.840000000;30;9654487166;B
20240220;102623;197.880000000;40;9654487167;B
20240220;102623;197.900000000;810;9654487168;B
20240220;102623;197.900000000;90;9654487169;B
20240220;102623;197.960000000;1520;9654487170;B
20240220;102623;197.980000000;520;9654487171;B
20240220;102623;198.000000000;240;9654487172;B
20240220;102623;198.000000000;10;9654487173;B
20240220;102623;198.000000000;140;9654487174;S
20240220;102623;198.000000000;60;9654487176;B
20240220;102623;198.000000000;10;9654487177;B
20240220;102623;197.860000000;10;9654487189;S
20240220;102625;197.860000000;100;9654487414;S
20240220;102648;197.860000000;530;9654493701;B
20240220;102648;197.860000000;50;9654493702;B
20240220;102648;197.860000000;40;9654493703;B
20240220;102648;197.860000000;100;9654493704;S
20240220;102648;197.900000000;90;9654493706;B
20240220;102652;197.860000000;80;9654494210;S
20240220;102654;197.840000000;10;9654494544;S
20240220;102654;197.820000000;50;9654494545;S
20240220;102654;197.820000000;60;9654494546;S
20240220;102656;197.800000000;20;9654494817;S
20240220;102657;197.800000000;40;9654494853;S
20240220;102700;197.800000000;10;9654495235;S
20240220;102701;197.800000000;1470;9654495507;S
20240220;102701;197.800000000;70;9654495509;S
20240220;102701;197.800000000;10;9654495510;S
20240220;102701;197.800000000;10;9654495612;S
20240220;102701;197.800000000;10;9654495613;S
20240220;102701;197.800000000;100;9654495614;S
20240220;102711;197.740000000;20;9654497064;B
20240220;102714;197.740000000;40;9654497828;B
20240220;102718;197.740000000;50;9654498536;B
20240220;102718;197.740000000;100;9654498537;S
20240220;102726;197.740000000;150;9654499903;S
20240220;102731;197.800000000;10;9654501278;B
20240220;102731;197.800000000;50;9654501336;B
20240220;102733;197.820000000;880;9654501718;B
20240220;102733;197.820000000;100;9654501723;S
20240220;102734;197.900000000;110;9654501969;B
20240220;102734;197.940000000;540;9654501970;B
20240220;102736;198.000000000;20;9654502530;B
20240220;102737;197.820000000;30;9654502676;S
20240220;102737;197.820000000;10;9654502753;S
20240220;102737;197.980000000;20;9654502787;B
20240220;102737;197.980000000;10;9654502805;B
20240220;102737;197.980000000;20;9654502807;S
20240220;102741;197.860000000;10;9654503371;S
20240220;102741;197.960000000;10;9654503488;B
20240220;102745;197.840000000;160;9654504249;S
20240220;102745;197.820000000;340;9654504250;S
20240220;102748;197.820000000;10;9654504844;S
20240220;102748;197.800000000;10;9654504845;S
20240220;102750;197.880000000;30;9654505297;B
20240220;102812;197.900000000;30;9654509653;B
20240220;102813;197.920000000;10;9654509977;B
20240220;102815;197.920000000;130;9654510270;B
20240220;102815;197.920000000;80;9654510271;S
20240220;102815;197.920000000;1410;9654510272;S
20240220;102816;197.960000000;70;9654510466;B
20240220;102816;197.960000000;40;9654510467;B
20240220;102816;197.960000000;50;9654510468;B
20240220;102816;197.980000000;1460;9654510469;B
20240220;102816;197.980000000;510;9654510498;B
20240220;102816;197.980000000;100;9654510500;S
20240220;102816;197.980000000;1660;9654510501;S
20240220;102816;197.980000000;510;9654510527;B
20240220;102817;198.000000000;940;9654510763;B
20240220;102818;197.920000000;50;9654511064;S
20240220;102818;197.900000000;90;9654511065;S
20240220;102820;197.960000000;10;9654511385;B
20240220;102823;197.960000000;20;9654511985;B
20240220;102825;197.960000000;60;9654512283;B
20240220;102825;197.980000000;40;9654512284;B
20240220;102827;197.980000000;10;9654512815;B
20240220;102829;197.880000000;20;9654513189;S
20240220;102829;197.880000000;50;9654513190;S
20240220;102829;197.860000000;10;9654513191;S
20240220;102829;197.860000000;160;9654513192;S
20240220;102829;197.840000000;20;9654513193;S
20240220;102829;197.840000000;40;9654513194;S
20240220;102830;197.940000000;20;9654513347;B
20240220;102830;197.940000000;160;9654513348;B
20240220;102830;197.960000000;50;9654513349;B
20240220;102830;197.980000000;370;9654513350;B
20240220;102838;197.960000000;10;9654515130;B
20240220;102838;197.980000000;240;9654515131;B
20240220;102843;197.980000000;10;9654516367;B
20240220;102858;197.940000000;10;9654519791;S
20240220;102858;197.920000000;100;9654519792;S
20240220;102858;197.900000000;160;9654519793;S
20240220;102900;197.900000000;400;9654520388;B
20240220;102900;197.900000000;20;9654520437;B
20240220;102902;197.900000000;50;9654520748;B
20240220;102903;197.900000000;180;9654520999;B
20240220;102908;197.840000000;70;9654521727;S
20240220;102908;197.840000000;100;9654521728;S
20240220;102908;197.840000000;50;9654521729;S
20240220;102912;197.840000000;100;9654522508;B
20240220;102915;197.840000000;10;9654523044;B
20240220;102920;197.840000000;30;9654523930;B
20240220;102920;197.840000000;1320;9654523991;B
20240220;102925;197.840000000;180;9654525059;S
20240220;102925;197.840000000;50;9654525060;S
20240220;102925;197.820000000;370;9654525061;S
20240220;102925;197.900000000;60;9654525086;B
20240220;102942;197.820000000;370;9654527995;S
20240220;102943;197.900000000;50;9654528209;B
20240220;102944;197.820000000;10;9654528495;S
20240220;102944;197.900000000;50;9654528522;B
20240220;102951;197.900000000;240;9654529507;B
20240220;102953;197.900000000;10;9654529713;B
20240220;103002;197.900000000;310;9654531124;B
20240220;103002;197.900000000;160;9654531125;B
20240220;103002;197.920000000;30;9654531126;B
20240220;103003;197.840000000;30;9654531147;S
20240220;103020;197.960000000;50;9654533824;B
20240220;103020;197.960000000;10;9654533825;B
20240220;103021;197.880000000;100;9654533991;S
20240220;103022;197.860000000;10;9654534210;S
20240220;103022;197.840000000;20;9654534211;S
20240220;103022;197.840000000;60;9654534212;S
20240220;103022;197.840000000;10;9654534213;S
20240220;103023;197.880000000;70;9654534583;B
20240220;103029;197.840000000;10;9654535448;S
20240220;103035;197.840000000;20;9654536310;S
20240220;103036;197.840000000;20;9654536413;S
20240220;103036;197.840000000;10;9654536414;S
20240220;103039;197.840000000;30;9654536932;B
20240220;103039;197.840000000;70;9654537008;B
20240220;103047;197.800000000;190;9654538180;S
20240220;103047;197.800000000;110;9654538181;S
20240220;103047;197.800000000;90;9654538372;S
20240220;103047;197.800000000;100;9654538373;S
20240220;103047;197.800000000;110;9654538374;S
20240220;103047;197.800000000;390;9654538375;S
20240220;103047;197.800000000;10;9654538376;S
20240220;103048;197.740000000;10;9654538601;S
20240220;103048;197.740000000;10;9654538673;S
20240220;103054;197.760000000;30;9654539332;B
20240220;103056;197.780000000;500;9654539725;B
20240220;103057;197.740000000;1660;9654539761;S
20240220;103057;197.740000000;30;9654539762;S
20240220;103057;197.740000000;50;9654539763;S
20240220;103057;197.720000000;30;9654539764;S
20240220;103057;197.700000000;3230;9654539765;S
20240220;103057;197.700000000;1400;9654539767;S
20240220;103057;197.700000000;30;9654539768;S
20240220;103057;197.700000000;10;9654539769;S
20240220;103057;197.700000000;10;9654539770;S
20240220;103057;197.680000000;10;9654539828;B
20240220;103057;197.640000000;10;9654539829;S
20240220;103100;197.680000000;50;9654540354;B
20240220;103101;197.720000000;90;9654540430;B
20240220;103105;197.640000000;20;9654540736;S
20240220;103105;197.620000000;40;9654540737;S
20240220;103105;197.620000000;10;9654540738;S
20240220;103105;197.620000000;130;9654540739;S
20240220;103107;197.680000000;30;9654540932;B
20240220;103112;197.620000000;10;9654541686;S
20240220;103112;197.620000000;10;9654541687;S
20240220;103112;197.620000000;10;9654541688;S
20240220;103112;197.620000000;20;9654541689;S
20240220;103115;197.700000000;70;9654542026;B
20240220;103115;197.700000000;620;9654542027;B
20240220;103115;197.700000000;50;9654542028;B
20240220;103115;197.720000000;300;9654542029;B
20240220;103115;197.740000000;460;9654542030;B
20240220;103125;197.640000000;40;9654543867;S
20240220;103137;197.660000000;160;9654545431;S
20240220;103137;197.640000000;50;9654545432;S
20240220;103141;197.620000000;10;9654546293;S
20240220;103141;197.620000000;10;9654546294;S
20240220;103141;197.620000000;50;9654546295;S
20240220;103141;197.600000000;20;9654546296;S
20240220;103148;197.640000000;10;9654547082;B
20240220;103149;197.620000000;10;9654547185;S
20240220;103149;197.620000000;10;9654547186;S
20240220;103149;197.620000000;50;9654547187;S
20240220;103149;197.600000000;30;9654547188;S
20240220;103149;197.640000000;280;9654547190;B
20240220;103149;197.640000000;50;9654547191;B
20240220;103149;197.620000000;10;9654547253;S
20240220;103149;197.620000000;10;9654547254;S
20240220;103149;197.600000000;80;9654547255;S
20240220;103150;197.680000000;10;9654547270;B
20240220;103155;197.620000000;10;9654548152;S
20240220;103157;197.620000000;50;9654548257;S
20240220;103157;197.600000000;40;9654548258;S
20240220;103157;197.680000000;30;9654548291;B
20240220;103157;197.680000000;500;9654548292;B
20240220;103158;197.700000000;280;9654548328;S
20240220;103158;197.640000000;160;9654548329;S
20240220;103158;197.620000000;860;9654548330;S
20240220;103201;197.700000000;100;9654548718;B
20240220;103201;197.620000000;20;9654548891;S
20240220;103202;197.700000000;10;9654548964;B
20240220;103203;197.620000000;10;9654549174;S
20240220;103204;197.700000000;30;9654549268;B
20240220;103225;197.700000000;10;9654552156;B
20240220;103244;197.720000000;240;9654554103;B
20240220;103247;197.640000000;20;9654554385;S
20240220;103248;197.720000000;10;9654554470;B
20240220;103250;197.640000000;180;9654554795;S
20240220;103250;197.620000000;30;9654554796;S
20240220;103250;197.620000000;150;9654554797;S
20240220;103250;197.620000000;160;9654554798;S
20240220;103250;197.620000000;50;9654554799;S
20240220;103250;197.600000000;1130;9654554800;S
20240220;103251;197.680000000;20;9654554947;B
20240220;103255;197.620000000;280;9654555314;B
20240220;103255;197.620000000;20;9654555315;B
20240220;103303;197.680000000;10;9654556312;B
20240220;103305;197.680000000;100;9654556446;B
20240220;103307;197.620000000;40;9654556772;B
20240220;103312;197.680000000;40;9654557064;B
20240220;103312;197.680000000;60;9654557065;B
20240220;103315;197.620000000;10;9654557339;B
20240220;103324;197.700000000;10;9654558346;B
20240220;103325;197.720000000;100;9654558447;B
20240220;103327;197.620000000;160;9654558572;S
20240220;103327;197.600000000;140;9654558573;S
20240220;103331;197.680000000;100;9654559184;B
20240220;103346;197.720000000;50;9654560984;B
20240220;103350;197.620000000;30;9654561325;S
20240220;103351;197.720000000;10;9654561508;B
20240220;103351;197.740000000;10;9654561509;B
20240220;103351;197.740000000;80;9654561510;B
20240220;103352;197.620000000;50;9654561648;S
20240220;103357;197.720000000;30;9654562106;B
20240220;103357;197.740000000;10;9654562107;B
20240220;103359;197.700000000;50;9654562544;B
20240220;103359;197.720000000;50;9654562545;B
20240220;103404;197.720000000;150;9654563270;B
20240220;103410;197.740000000;20;9654564589;B
20240220;103414;197.760000000;10;9654565114;B
20240220;103439;197.760000000;90;9654567617;B
20240220;103439;197.760000000;100;9654567618;B
20240220;103439;197.760000000;170;9654567619;B
20240220;103439;197.760000000;30;9654567620;B
20240220;103439;197.780000000;1820;9654567621;B
20240220;103439;197.780000000;510;9654567622;B
20240220;103439;197.780000000;50;9654567623;B
20240220;103439;197.800000000;2860;9654567624;B
20240220;103439;197.800000000;10;9654567625;B
20240220;103439;197.800000000;300;9654567626;B
20240220;103439;197.820000000;50;9654567627;B
20240220;103440;197.840000000;20;9654567795;B
20240220;103441;197.840000000;10;9654567858;B
20240220;103441;197.840000000;10;9654567859;B
20240220;103441;197.840000000;20;9654567907;B
20240220;103445;197.840000000;30;9654568242;B
20240220;103447;197.840000000;110;9654568554;B
20240220;103447;197.840000000;10;9654568555;B
20240220;103507;197.840000000;300;9654570972;B
20240220;103507;197.840000000;50;9654570973;B
20240220;103518;197.920000000;40;9654572864;B
20240220;103518;197.920000000;10;9654572865;B
20240220;103527;197.920000000;20;9654573894;B
20240220;103528;197.840000000;570;9654574033;S
20240220;103528;197.840000000;10;9654574034;S
20240220;103528;197.840000000;150;9654574035;S
20240220;103528;197.840000000;160;9654574036;S
20240220;103528;197.820000000;150;9654574037;S
20240220;103533;197.860000000;10;9654574615;B
20240220;103556;197.820000000;100;9654577510;B
20240220;103558;197.820000000;10;9654577700;B
20240220;103600;197.820000000;20;9654577824;B
20240220;103601;197.800000000;420;9654577981;S
20240220;103602;197.840000000;680;9654578084;B
20240220;103603;197.820000000;300;9654578301;S
20240220;103603;197.820000000;300;9654578387;S
20240220;103604;197.800000000;300;9654578450;S
20240220;103604;197.800000000;300;9654578512;S
20240220;103607;197.860000000;10;9654578850;B
20240220;103607;197.860000000;20;9654578851;B
20240220;103607;197.860000000;70;9654578852;B
20240220;103608;197.820000000;10;9654578941;S
20240220;103617;197.820000000;20;9654580716;S
20240220;103617;197.820000000;30;9654580717;S
20240220;103617;197.800000000;100;9654580718;S
20240220;103630;197.800000000;10;9654582618;S
20240220;103636;197.800000000;150;9654583627;S
20240220;103638;197.800000000;1040;9654583816;S
20240220;103638;197.800000000;160;9654583817;S
20240220;103638;197.800000000;20;9654583835;S
20240220;103652;197.800000000;110;9654585289;S
20240220;103654;197.840000000;10;9654585651;B
20240220;103654;197.840000000;10;9654585652;B
20240220;103654;197.840000000;30;9654585653;B
20240220;103700;197.800000000;10;9654586208;S
20240220;103719;197.800000000;100;9654588337;S
20240220;103722;197.800000000;100;9654588634;S
20240220;103722;197.800000000;100;9654588635;S
20240220;103722;197.800000000;40;9654588636;S
20240220;103722;197.800000000;990;9654588637;S
20240220;103722;197.800000000;630;9654588638;S
20240220;103722;197.800000000;10;9654588639;S
20240220;103722;197.800000000;100;9654588640;S
20240220;103722;197.800000000;10;9654588641;S
20240220;103722;197.780000000;70;9654588642;S
20240220;103722;197.740000000;500;9654588643;S
20240220;103722;197.720000000;160;9654588644;S
20240220;103722;197.700000000;90;9654588645;S
20240220;103722;197.700000000;50;9654588653;S
20240220;103724;197.700000000;30;9654588804;S
20240220;103726;197.700000000;50;9654589025;S
20240220;103727;197.780000000;10;9654589104;B
20240220;103735;197.780000000;10;9654589843;B
20240220;103735;197.780000000;140;9654589853;B
20240220;103735;197.780000000;70;9654589854;B
20240220;103735;197.800000000;120;9654589855;B
20240220;103742;197.700000000;280;9654590701;S
20240220;103742;197.700000000;10;9654590702;S
20240220;103742;197.680000000;240;9654590703;S
20240220;103742;197.680000000;10;9654590704;S
20240220;103742;197.660000000;1670;9654590705;S
20240220;103742;197.640000000;640;9654590706;S
20240220;103742;197.640000000;160;9654590707;S
20240220;103742;197.640000000;10;9654590711;B
20240220;103742;197.640000000;10;9654590723;B
20240220;103742;197.640000000;10;9654590733;B
20240220;103742;197.640000000;10;9654590737;B
20240220;103747;197.600000000;290;9654591288;S
20240220;103806;197.640000000;10;9654593150;B
20240220;103825;197.620000000;10;9654595635;S
20240220;103825;197.600000000;100;9654595636;S
20240220;103827;197.600000000;10;9654595752;S
20240220;103829;197.600000000;40;9654595916;S
20240220;103834;197.620000000;10;9654596497;B
20240220;103834;197.600000000;50;9654596498;S
20240220;103834;197.600000000;10;9654596499;S
20240220;103839;197.600000000;120;9654596925;S
20240220;103840;197.600000000;100;9654597020;S
20240220;103844;197.620000000;20;9654597378;B
20240220;103849;197.600000000;200;9654598149;S
20240220;103856;197.600000000;10;9654599016;S
20240220;103856;197.600000000;10;9654599017;S
20240220;103900;197.600000000;290;9654599531;S
20240220;103900;197.600000000;300;9654599553;S
20240220;103900;197.600000000;30;9654599692;S
20240220;103900;197.600000000;270;9654599693;S
20240220;103900;197.600000000;30;9654599719;S
20240220;103900;197.600000000;10;9654599727;S
20240220;103900;197.600000000;200;9654599728;S
20240220;103900;197.600000000;10;9654599729;S
20240220;103900;197.600000000;100;9654599730;S
20240220;103900;197.600000000;50;9654599731;S
20240220;103900;197.600000000;60;9654599732;S
20240220;103900;197.600000000;100;9654599733;S
20240220;103900;197.600000000;10;9654599734;S
20240220;103900;197.600000000;20;9654599735;S
20240220;103900;197.580000000;10;9654599742;S
20240220;103900;197.560000000;30;9654599757;S
20240220;103900;197.560000000;10;9654599808;S
20240220;103900;197.560000000;30;9654599809;S
20240220;103900;197.540000000;10;9654599810;S
20240220;103900;197.520000000;20;9654599811;S
20240220;103900;197.520000000;20;9654599812;S
20240220;103900;197.520000000;30;9654599880;S
20240220;103900;197.520000000;60;9654599917;S
20240220;103901;197.520000000;70;9654600162;S
20240220;103901;197.520000000;120;9654600181;S
20240220;103901;197.520000000;180;9654600182;S
20240220;103902;197.520000000;300;9654600259;S
20240220;103907;197.520000000;20;9654601209;S
20240220;103907;197.520000000;90;9654601210;S
20240220;103912;197.540000000;50;9654601779;B
20240220;103918;197.520000000;10;9654602390;S
20240220;103918;197.500000000;150;9654602391;S
20240220;103919;197.500000000;150;9654602462;S
20240220;103919;197.500000000;250;9654602463;S
20240220;103919;197.500000000;30;9654602464;S
20240220;103919;197.500000000;10;9654602465;S
20240220;103919;197.500000000;10;9654602466;S
20240220;103919;197.500000000;2550;9654602467;S
20240220;103919;197.500000000;2450;9654602494;S
20240220;103919;197.500000000;20;9654602495;S
20240220;103919;197.500000000;500;9654602496;S
20240220;103919;197.480000000;50;9654602497;S
20240220;103919;197.480000000;10;9654602498;S
20240220;103919;197.480000000;500;9654602499;S
20240220;103919;197.460000000;20;9654602500;S
20240220;103919;197.460000000;1000;9654602501;S
20240220;103919;197.460000000;10;9654602502;S
20240220;103919;197.440000000;10;9654602503;S
20240220;103919;197.440000000;300;9654602504;S
20240220;103919;197.420000000;10;9654602505;S
20240220;103919;197.420000000;1000;9654602506;S
20240220;103919;197.400000000;100;9654602507;S
20240220;103919;197.400000000;10;9654602508;S
20240220;103919;197.400000000;10;9654602509;S
20240220;103919;197.380000000;500;9654602510;S
20240220;103919;197.380000000;1480;9654602511;S
20240220;103919;197.360000000;500;9654602512;S
20240220;103919;197.360000000;120;9654602513;S
20240220;103919;197.340000000;3200;9654602514;S
20240220;103919;197.340000000;140;9654602515;S
20240220;103919;197.320000000;10;9654602516;S
20240220;103919;197.320000000;10;9654602517;S
20240220;103919;197.320000000;40;9654602518;S
20240220;103919;197.300000000;10;9654602519;S
20240220;103919;197.300000000;10;9654602520;S
20240220;103919;197.300000000;500;9654602521;S
20240220;103919;197.300000000;20;9654602522;S
20240220;103919;197.300000000;1000;9654602523;S
20240220;103919;197.280000000;10;9654602524;S
20240220;103919;197.280000000;550;9654602525;S
20240220;103919;197.280000000;100;9654602526;S
20240220;103919;197.280000000;3000;9654602527;S
20240220;103919;197.260000000;580;9654602528;S
20240220;103919;197.260000000;10;9654602529;S
20240220;103919;197.260000000;20;9654602530;S
20240220;103919;197.260000000;1000;9654602531;S
20240220;103919;197.260000000;500;9654602532;S
20240220;103919;197.260000000;1000;9654602533;S
20240220;103919;197.260000000;200;9654602534;S
20240220;103919;197.240000000;10;9654602535;S
20240220;103919;197.240000000;4800;9654602536;S
20240220;103920;197.280000000;240;9654602620;S
20240220;103920;197.260000000;10;9654602621;S
20240220;103922;197.320000000;50;9654602876;B
20240220;103922;197.280000000;20;9654602908;S
20240220;103924;197.320000000;50;9654603129;B
20240220;103926;197.260000000;110;9654603338;S
20240220;103926;197.260000000;20;9654603339;S
20240220;103927;197.260000000;40;9654603430;S
20240220;103934;197.260000000;300;9654604204;S
20240220;103934;197.260000000;10;9654604266;S
20240220;103934;197.260000000;290;9654604267;S
20240220;103935;197.260000000;300;9654604432;S
20240220;103936;197.260000000;300;9654604503;S
20240220;103941;197.260000000;390;9654605243;S
20240220;103941;197.260000000;120;9654605251;S
20240220;103941;197.260000000;10;9654605252;S
20240220;103941;197.240000000;170;9654605253;S
20240220;103941;197.260000000;60;9654605397;S
20240220;103941;197.260000000;300;9654605427;S
20240220;103941;197.240000000;60;9654605436;S
20240220;103942;197.260000000;30;9654605586;S
20240220;103942;197.240000000;20;9654605642;S
20240220;103942;197.240000000;30;9654605734;S
20240220;103944;197.280000000;50;9654606018;B
20240220;103949;197.280000000;300;9654606762;B
20240220;103958;197.360000000;50;9654608060;B
20240220;104000;197.280000000;300;9654608401;S
20240220;104001;197.340000000;240;9654608478;B
20240220;104003;197.280000000;50;9654609088;S
