<DATE>;<TIME>;<LAST>;<VOL>;<ID>;<OPER>
20240219;095932;198.960000000;10;9636093947;B
20240219;095932;198.960000000;10;9636093948;S
20240219;095932;198.960000000;10;9636093949;B
20240219;095932;198.960000000;30;9636093950;B
20240219;095932;198.960000000;10;9636093951;B
20240219;095932;198.960000000;250;9636093952;B
20240219;095932;198.960000000;10;9636093953;B
20240219;095932;198.960000000;10;9636093954;B
20240219;095932;198.960000000;200;9636093955;B
20240219;095932;198.960000000;10;9636093956;B
20240219;095932;198.960000000;260;9636093957;B
20240219;095932;198.960000000;130;9636093958;B
20240219;095932;198.960000000;10;9636093959;B
20240219;095932;198.960000000;800;9636093960;B
20240219;095932;198.960000000;400;9636093961;B
20240219;095932;198.960000000;150;9636093962;B
20240219;095932;198.960000000;240;9636093963;B
20240219;095932;198.960000000;500;9636093964;B
20240219;095932;198.960000000;50;9636093965;B
20240219;095932;198.960000000;90;9636093966;B
20240219;095932;198.960000000;370;9636093967;B
20240219;095932;198.960000000;80;9636093968;B
20240219;095932;198.960000000;20;9636093969;B
20240219;095932;198.960000000;10;9636093970;B
20240219;095932;198.960000000;10;9636093971;B
20240219;095932;198.960000000;10;9636093972;B
20240219;095932;198.960000000;10;9636093973;B
20240219;095932;198.960000000;20;9636093974;B
20240219;095932;198.960000000;20;9636093975;B
20240219;095932;198.960000000;100;9636093976;B
20240219;095932;198.960000000;720;9636093977;B
20240219;095932;198.960000000;190;9636093978;B
20240219;095932;198.960000000;500;9636093979;B
20240219;095932;198.960000000;30;9636093980;S
20240219;095932;198.960000000;30;9636093981;S
20240219;095932;198.960000000;30;9636093982;S
20240219;095932;198.960000000;30;9636093983;S
20240219;095932;198.960000000;30;9636093984;S
20240219;095932;198.960000000;100;9636093985;B
20240219;095932;198.960000000;100;9636093986;B
20240219;095932;198.960000000;10;9636093987;B
20240219;095932;198.960000000;20;9636093988;B
20240219;095932;198.960000000;620;9636093989;B
20240219;100002;198.980000000;510;9636105064;B
20240219;100002;198.980000000;490;9636105065;B
20240219;100002;198.980000000;1000;9636105073;B
20240219;100002;198.980000000;510;9636105080;B
20240219;100002;199.000000000;10;9636105081;B
20240219;100002;199.000000000;50;9636105082;B
20240219;100002;199.000000000;430;9636105083;B
20240219;100002;199.000000000;800;9636105087;B
20240219;100002;198.920000000;150;9636105402;S
20240219;100002;199.000000000;10;9636105452;B
20240219;100002;199.000000000;40;9636105738;B
20240219;100002;199.000000000;200;9636105857;B
20240219;100003;198.980000000;10;9636106422;B
20240219;100003;199.000000000;1990;9636106423;B
20240219;100004;198.920000000;130;9636106451;S
20240219;100004;199.000000000;250;9636106731;B
20240219;100005;198.920000000;10;9636107188;S
20240219;100005;199.000000000;10;9636107192;B
20240219;100005;199.000000000;10;9636107194;B
20240219;100005;199.000000000;10;9636107456;B
20240219;100005;199.000000000;10;9636107461;B
20240219;100005;199.000000000;10;9636108219;B
20240219;100005;199.000000000;50;9636109069;B
20240219;100005;198.920000000;10;9636109073;S
20240219;100006;198.920000000;10;9636109781;S
20240219;100006;198.920000000;1330;9636110536;S
20240219;100006;198.920000000;670;9636110537;S
20240219;100006;198.920000000;20;9636110778;S
20240219;100006;198.920000000;10;9636110934;S
20240219;100006;199.000000000;10;9636110935;B
20240219;100006;198.920000000;20;9636110947;S
20240219;100006;198.920000000;30;9636111001;S
20240219;100006;198.920000000;10;9636111207;S
20240219;100007;198.900000000;20;9636111683;S
20240219;100007;198.980000000;10;9636111700;B
20240219;100007;198.900000000;10;9636111708;S
20240219;100007;198.980000000;230;9636111721;B
20240219;100007;199.000000000;50;9636111754;B
20240219;100007;198.920000000;10;9636111761;S
20240219;100007;198.920000000;10;9636111766;S
20240219;100007;198.920000000;10;9636111772;S
20240219;100007;199.000000000;20;9636111777;B
20240219;100007;198.920000000;130;9636111795;S
20240219;100007;199.000000000;10;9636112772;B
20240219;100007;198.920000000;10;9636112862;S
20240219;100007;199.000000000;10;9636112864;B
20240219;100007;198.920000000;40;9636112865;S
20240219;100007;199.000000000;10;9636112866;B
20240219;100007;199.000000000;10;9636113223;B
20240219;100007;198.920000000;20;9636113228;S
20240219;100008;198.920000000;40;9636113909;S
20240219;100008;199.000000000;170;9636113914;B
20240219;100008;199.000000000;10;9636114210;B
20240219;100008;199.000000000;10;9636114762;B
20240219;100008;198.920000000;30;9636114768;S
20240219;100008;198.920000000;10;9636115045;S
20240219;100008;199.000000000;20;9636115048;B
20240219;100008;199.000000000;10;9636115384;B
20240219;100008;198.920000000;40;9636115511;S
20240219;100009;198.920000000;50;9636116167;S
20240219;100009;198.920000000;10;9636116168;S
20240219;100009;198.920000000;10;9636116244;S
20240219;100010;199.000000000;10;9636117262;B
20240219;100010;199.000000000;10;9636117392;B
20240219;100010;199.000000000;10;9636117506;B
20240219;100010;198.920000000;10;9636117623;S
20240219;100010;199.000000000;10;9636117701;B
20240219;100010;198.920000000;80;9636117765;S
20240219;100010;199.000000000;10;9636117871;B
20240219;100010;198.920000000;10;9636117900;S
20240219;100010;198.920000000;30;9636118400;S
20240219;100010;198.920000000;150;9636118410;S
20240219;100010;198.920000000;120;9636118411;S
20240219;100010;199.000000000;20;9636118426;B
20240219;100011;198.900000000;970;9636118749;S
20240219;100011;198.900000000;30;9636118750;S
20240219;100011;199.000000000;10;9636118882;B
20240219;100011;199.000000000;10;9636118904;B
20240219;100011;198.920000000;10;9636118934;S
20240219;100011;198.900000000;90;9636118935;S
20240219;100011;198.980000000;20;9636118971;B
20240219;100011;198.980000000;40;9636119062;B
20240219;100011;198.900000000;880;9636119082;S
20240219;100011;198.860000000;200;9636119083;S
20240219;100011;198.860000000;920;9636119084;S
20240219;100011;198.980000000;80;9636119388;B
20240219;100012;198.980000000;30;9636119641;B
20240219;100012;198.980000000;200;9636119654;B
20240219;100012;198.860000000;80;9636119708;S
20240219;100012;198.840000000;50;9636119709;S
20240219;100012;198.980000000;10;9636119804;B
20240219;100013;198.980000000;30;9636120059;B
20240219;100013;198.960000000;10;9636120313;B
20240219;100014;198.960000000;60;9636120485;B
20240219;100015;198.980000000;10;9636120702;B
20240219;100016;198.980000000;10;9636120971;B
20240219;100017;198.980000000;70;9636121278;B
20240219;100017;198.980000000;10;9636121299;B
20240219;100018;198.860000000;100;9636121652;S
20240219;100018;198.840000000;490;9636121653;S
20240219;100018;198.840000000;40;9636121654;S
20240219;100018;198.820000000;100;9636121655;S
20240219;100018;198.820000000;100;9636121656;S
20240219;100018;198.820000000;200;9636121657;S
20240219;100018;198.820000000;10;9636121658;S
20240219;100018;198.820000000;130;9636121659;S
20240219;100018;198.820000000;20;9636121660;S
20240219;100018;198.800000000;10;9636121661;S
20240219;100018;198.800000000;10;9636121662;S
20240219;100018;198.800000000;9790;9636121663;S
20240219;100018;198.800000000;210;9636121666;S
20240219;100018;198.880000000;10;9636121689;B
20240219;100023;198.800000000;10;9636122733;S
20240219;100023;198.840000000;10;9636122859;B
20240219;100023;198.860000000;40;9636122860;B
20240219;100023;198.880000000;10;9636122861;B
20240219;100023;198.900000000;1490;9636122862;B
20240219;100023;198.900000000;100;9636122866;B
20240219;100025;198.900000000;200;9636123559;B
20240219;100026;198.840000000;80;9636123917;B
20240219;100026;198.800000000;260;9636123982;S
20240219;100030;198.800000000;260;9636125052;S
20240219;100034;198.840000000;10;9636126119;B
20240219;100036;198.800000000;10;9636126767;S
20240219;100038;198.840000000;110;9636127252;B
20240219;100038;198.920000000;290;9636127253;B
20240219;100039;198.800000000;60;9636127913;S
20240219;100039;198.800000000;10;9636127914;S
20240219;100039;198.800000000;10;9636127915;S
20240219;100039;198.800000000;30;9636128003;S
20240219;100042;198.800000000;970;9636128597;B
20240219;100049;198.860000000;100;9636130579;B
20240219;100054;198.860000000;10;9636132104;B
20240219;100055;198.840000000;80;9636132338;S
20240219;100058;198.840000000;50;9636132908;S
20240219;100101;198.860000000;10;9636133931;B
20240219;100108;198.860000000;180;9636135574;B
20240219;100111;198.860000000;10;9636136281;S
20240219;100115;198.920000000;10;9636137073;B
20240219;100120;198.880000000;510;9636138370;S
20240219;100120;198.860000000;450;9636138371;S
20240219;100120;198.860000000;200;9636138372;S
20240219;100120;198.860000000;60;9636138373;S
20240219;100120;198.840000000;20;9636138374;S
20240219;100120;198.840000000;30;9636138375;S
20240219;100120;198.840000000;30;9636138376;S
20240219;100120;198.840000000;30;9636138377;S
20240219;100120;198.820000000;220;9636138378;S
20240219;100125;198.840000000;40;9636139415;S
20240219;100130;198.840000000;190;9636141157;S
20240219;100130;198.820000000;280;9636141158;S
20240219;100130;198.820000000;530;9636141159;S
20240219;100136;198.920000000;10;9636142850;B
20240219;100142;198.820000000;20;9636144145;B
20240219;100142;198.820000000;480;9636144200;B
20240219;100143;198.900000000;200;9636144521;B
20240219;100145;198.900000000;10;9636144857;B
20240219;100146;198.900000000;90;9636145041;B
20240219;100200;198.820000000;20;9636148120;S
20240219;100200;198.820000000;90;9636148121;S
20240219;100200;198.820000000;510;9636148122;S
20240219;100200;198.800000000;880;9636148123;S
20240219;100201;198.820000000;510;9636148455;S
20240219;100201;198.820000000;40;9636148456;S
20240219;100201;198.800000000;450;9636148457;S
20240219;100207;198.820000000;10;9636149693;S
20240219;100214;198.900000000;10;9636150940;B
20240219;100216;198.840000000;190;9636151512;S
20240219;100229;198.820000000;750;9636154056;S
20240219;100230;198.820000000;200;9636154253;S
20240219;100231;198.820000000;500;9636154398;S
20240219;100233;198.860000000;50;9636154711;B
20240219;100234;198.860000000;10;9636154853;B
20240219;100236;198.860000000;160;9636155370;B
20240219;100237;198.820000000;20;9636155440;S
20240219;100237;198.860000000;20;9636155494;B
20240219;100238;198.860000000;100;9636155642;B
20240219;100238;198.860000000;90;9636155668;B
20240219;100240;198.860000000;40;9636155991;B
20240219;100240;198.860000000;30;9636156136;B
20240219;100243;198.820000000;10;9636156540;S
20240219;100243;198.860000000;200;9636156606;B
20240219;100247;198.860000000;300;9636157518;B
20240219;100248;198.900000000;100;9636157586;B
20240219;100251;198.880000000;100;9636158290;S
20240219;100251;198.900000000;100;9636158297;B
20240219;100254;198.900000000;10;9636158900;B
20240219;100254;198.860000000;80;9636159026;S
20240219;100254;198.860000000;10;9636159027;S
20240219;100254;198.860000000;280;9636159028;S
20240219;100300;198.900000000;20;9636160109;B
20240219;100300;198.860000000;40;9636160262;S
20240219;100301;198.860000000;20;9636160343;S
20240219;100303;198.860000000;30;9636160726;S
20240219;100304;198.860000000;20;9636160955;S
20240219;100305;198.900000000;20;9636161175;B
20240219;100305;198.900000000;10;9636161176;B
20240219;100305;198.900000000;100;9636161177;B
20240219;100305;198.920000000;20;9636161178;B
20240219;100305;198.920000000;1090;9636161179;B
20240219;100305;198.940000000;100;9636161181;B
20240219;100305;198.940000000;10;9636161182;B
20240219;100305;198.940000000;300;9636161183;B
20240219;100306;198.900000000;10;9636161576;S
20240219;100311;198.980000000;30;9636162596;B
20240219;100313;198.900000000;20;9636163069;S
20240219;100313;198.900000000;160;9636163070;S
20240219;100313;198.900000000;300;9636163071;S
20240219;100313;198.900000000;80;9636163072;B
20240219;100313;198.900000000;90;9636163073;B
20240219;100316;198.920000000;10;9636163530;S
20240219;100316;198.900000000;10;9636163531;S
20240219;100316;198.880000000;510;9636163532;S
20240219;100316;198.880000000;70;9636163533;S
20240219;100323;198.980000000;70;9636165140;B
20240219;100323;198.980000000;230;9636165141;B
20240219;100328;198.980000000;20;9636166070;B
20240219;100331;198.960000000;30;9636166946;B
20240219;100331;198.980000000;530;9636166947;B
20240219;100333;198.960000000;320;9636167172;B
20240219;100334;198.960000000;10;9636167512;B
20240219;100337;198.900000000;10;9636168024;S
20240219;100337;198.900000000;150;9636168025;S
20240219;100337;198.900000000;1520;9636168026;B
20240219;100337;198.900000000;10;9636168088;S
20240219;100337;198.880000000;510;9636168089;S
20240219;100337;198.880000000;1080;9636168090;S
20240219;100337;198.880000000;1510;9636168091;S
20240219;100337;198.860000000;610;9636168092;S
20240219;100337;198.860000000;100;9636168093;S
20240219;100337;198.860000000;150;9636168094;S
20240219;100337;198.840000000;450;9636168095;S
20240219;100337;198.840000000;580;9636168096;S
20240219;100337;198.860000000;510;9636168172;S
20240219;100337;198.840000000;290;9636168173;S
20240219;100340;198.860000000;150;9636168568;S
20240219;100340;198.840000000;350;9636168569;S
20240219;100340;198.940000000;20;9636168616;B
20240219;100340;198.960000000;60;9636168617;B
20240219;100346;198.900000000;10;9636169669;S
20240219;100346;198.860000000;70;9636169670;S
20240219;100350;198.860000000;10;9636170418;S
20240219;100350;198.860000000;40;9636170419;S
20240219;100351;198.920000000;40;9636170636;B
20240219;100352;198.940000000;10;9636170750;B
20240219;100352;198.960000000;40;9636170751;B
20240219;100352;198.960000000;100;9636170776;B
20240219;100356;198.940000000;140;9636171293;S
20240219;100356;198.940000000;260;9636171294;S
20240219;100357;198.960000000;400;9636171453;B
20240219;100357;198.960000000;70;9636171468;B
20240219;100358;198.980000000;10;9636171800;B
20240219;100358;199.000000000;20;9636171801;B
20240219;100403;198.940000000;10;9636172761;S
20240219;100403;198.940000000;10;9636172804;S
20240219;100406;198.980000000;10;9636173614;B
20240219;100406;199.000000000;40;9636173615;B
20240219;100409;198.940000000;130;9636174144;S
20240219;100409;198.940000000;10;9636174279;S
20240219;100411;198.940000000;10;9636174577;S
20240219;100414;198.980000000;10;9636174980;B
20240219;100414;199.000000000;10;9636174981;B
20240219;100418;198.980000000;10;9636175896;B
20240219;100419;198.940000000;10;9636176117;S
20240219;100421;198.940000000;10;9636176352;S
20240219;100422;198.940000000;10;9636176772;S
20240219;100423;198.940000000;10;9636176812;S
20240219;100423;198.940000000;30;9636176908;S
20240219;100423;198.940000000;70;9636176909;S
20240219;100424;198.980000000;10;9636177020;B
20240219;100424;199.000000000;90;9636177021;B
20240219;100427;198.940000000;50;9636177531;S
20240219;100428;198.980000000;20;9636177805;B
20240219;100428;199.000000000;10;9636177806;B
20240219;100429;198.980000000;10;9636177974;B
20240219;100429;199.000000000;740;9636177975;B
20240219;100437;199.000000000;10;9636179192;B
20240219;100438;198.980000000;10;9636179352;S
20240219;100446;198.960000000;10;9636180925;S
20240219;100447;199.000000000;10;9636180992;B
20240219;100450;198.960000000;20;9636181542;B
20240219;100450;198.940000000;20;9636181606;S
20240219;100451;199.000000000;10;9636181772;B
20240219;100453;199.000000000;10;9636182177;B
20240219;100454;198.940000000;50;9636182315;S
20240219;100455;199.000000000;140;9636182449;B
20240219;100455;199.000000000;2660;9636182450;B
20240219;100455;199.000000000;100;9636182451;B
20240219;100455;199.000000000;20;9636182452;B
20240219;100455;199.000000000;210;9636182453;B
20240219;100455;198.980000000;20;9636182478;S
20240219;100455;198.980000000;80;9636182479;S
20240219;100455;199.000000000;100;9636182483;B
20240219;100455;198.980000000;420;9636182494;S
20240219;100455;198.960000000;130;9636182495;S
20240219;100455;198.920000000;360;9636182496;S
20240219;100455;198.920000000;80;9636182497;B
20240219;100457;198.900000000;10;9636182780;S
20240219;100457;198.900000000;60;9636182781;S
20240219;100458;198.980000000;100;9636182846;B
20240219;100502;198.960000000;20;9636183605;B
20240219;100503;198.980000000;40;9636183814;B
20240219;100504;198.980000000;600;9636183878;B
20240219;100507;199.000000000;30;9636184531;B
20240219;100509;199.000000000;10;9636184824;B
20240219;100512;198.980000000;10;9636185310;S
20240219;100512;198.980000000;90;9636185311;S
20240219;100512;199.000000000;50;9636185351;B
20240219;100513;199.000000000;30;9636185438;B
20240219;100516;199.000000000;50;9636185934;B
20240219;100518;199.000000000;20;9636186450;B
20240219;100518;199.000000000;480;9636186451;B
20240219;100519;198.980000000;330;9636186622;S
20240219;100519;198.980000000;130;9636186623;S
20240219;100519;198.920000000;60;9636186624;S
20240219;100523;198.920000000;160;9636187294;S
20240219;100529;199.000000000;340;9636188571;B
20240219;100530;198.940000000;10;9636188673;S
20240219;100536;199.000000000;120;9636189946;B
20240219;100539;199.000000000;10;9636190700;B
20240219;100540;198.980000000;10;9636190770;S
20240219;100540;198.980000000;20;9636190835;S
20240219;100540;198.980000000;160;9636190836;S
20240219;100541;198.980000000;470;9636190945;B
20240219;100541;198.980000000;30;9636190946;B
20240219;100542;198.960000000;10;9636191249;B
20240219;100553;199.000000000;10;9636193451;B
20240219;100554;198.960000000;200;9636193548;S
20240219;100554;199.000000000;70;9636193577;B
20240219;100556;199.000000000;970;9636193978;B
20240219;100556;199.000000000;530;9636193979;B
20240219;100558;199.000000000;20;9636194309;B
20240219;100602;198.960000000;10;9636194980;S
20240219;100602;199.000000000;450;9636195043;B
20240219;100602;199.020000000;550;9636195044;B
20240219;100602;199.020000000;130;9636195045;B
20240219;100602;199.060000000;190;9636195046;B
20240219;100603;199.100000000;10;9636195169;B
20240219;100603;199.100000000;140;9636195170;B
20240219;100603;199.100000000;500;9636195370;S
20240219;100603;199.140000000;10;9636195379;B
20240219;100603;199.140000000;10;9636195380;B
20240219;100603;199.160000000;980;9636195381;B
20240219;100604;199.100000000;10;9636195603;S
20240219;100609;199.140000000;10;9636196709;B
20240219;100611;199.120000000;20;9636197259;S
20240219;100611;199.120000000;20;9636197349;B
20240219;100611;199.120000000;20;9636197350;B
20240219;100612;199.100000000;70;9636197542;S
20240219;100613;199.140000000;50;9636197807;B
20240219;100620;199.120000000;20;9636199082;S
20240219;100620;199.120000000;120;9636199083;S
20240219;100620;199.100000000;310;9636199084;S
20240219;100623;199.100000000;110;9636199881;S
20240219;100623;199.100000000;10;9636199882;S
20240219;100628;199.140000000;100;9636200663;B
20240219;100628;199.140000000;100;9636200664;B
20240219;100628;199.140000000;100;9636200665;B
20240219;100630;199.140000000;10;9636201049;B
20240219;100632;199.160000000;10;9636201288;B
20240219;100632;199.140000000;50;9636201314;S
20240219;100633;199.140000000;20;9636201512;B
20240219;100633;199.140000000;110;9636201513;B
20240219;100634;199.160000000;10;9636201723;B
20240219;100634;199.160000000;300;9636201724;B
20240219;100634;199.180000000;190;9636201725;B
20240219;100637;199.140000000;270;9636202253;S
20240219;100641;199.100000000;100;9636203043;S
20240219;100641;199.160000000;10;9636203113;B
20240219;100642;199.160000000;50;9636203314;B
20240219;100643;199.160000000;300;9636203353;B
20240219;100643;199.160000000;30;9636203364;B
20240219;100643;199.160000000;1000;9636203466;B
20240219;100643;199.200000000;50;9636203468;B
20240219;100643;199.200000000;300;9636203469;B
20240219;100643;199.200000000;200;9636203470;B
20240219;100643;199.200000000;1250;9636203471;B
20240219;100643;199.200000000;230;9636203472;B
20240219;100644;199.220000000;50;9636203487;B
20240219;100644;199.220000000;40;9636203488;B
20240219;100644;199.220000000;20;9636203489;B
20240219;100644;199.240000000;60;9636203490;B
20240219;100644;199.240000000;20;9636203491;B
20240219;100644;199.240000000;70;9636203492;B
20240219;100644;199.260000000;10;9636203539;B
20240219;100644;199.280000000;90;9636203556;B
20240219;100647;199.280000000;250;9636204178;B
20240219;100650;199.260000000;10;9636204665;S
20240219;100653;199.260000000;300;9636205334;S
20240219;100653;199.260000000;190;9636205398;S
20240219;100653;199.260000000;100;9636205399;S
20240219;100653;199.280000000;400;9636205426;B
20240219;100653;199.280000000;600;9636205427;B
20240219;100656;199.260000000;50;9636205967;S
20240219;100656;199.280000000;30;9636206029;B
20240219;100656;199.280000000;70;9636206101;B
20240219;100657;199.280000000;200;9636206200;B
20240219;100659;199.260000000;10;9636206437;S
20240219;100700;199.260000000;90;9636206651;S
20240219;100700;199.240000000;10;9636206652;S
20240219;100700;199.220000000;210;9636206653;S
20240219;100700;199.220000000;10;9636206654;S
20240219;100700;199.200000000;1700;9636206655;S
20240219;100701;199.240000000;200;9636206946;S
20240219;100701;199.200000000;800;9636206947;S
20240219;100702;199.260000000;50;9636207361;B
20240219;100702;199.280000000;350;9636207362;B
20240219;100702;199.280000000;190;9636207363;B
20240219;100704;199.200000000;210;9636207677;S
20240219;100705;199.280000000;30;9636207843;B
20240219;100708;199.280000000;20;9636208600;B
20240219;100709;199.280000000;300;9636208776;B
20240219;100709;199.280000000;110;9636208777;B
20240219;100709;199.280000000;290;9636208778;S
20240219;100709;199.300000000;30;9636208835;B
20240219;100709;199.300000000;80;9636208836;B
20240219;100709;199.300000000;90;9636208837;B
20240219;100712;199.280000000;200;9636209605;B
20240219;100714;199.260000000;40;9636209923;S
20240219;100714;199.280000000;30;9636209929;B
20240219;100715;199.280000000;250;9636210096;B
20240219;100716;199.300000000;10;9636210139;B
20240219;100716;199.300000000;30;9636210140;B
20240219;100719;199.300000000;10;9636210659;B
20240219;100720;199.300000000;200;9636210871;B
20240219;100721;199.280000000;200;9636211146;B
20240219;100721;199.260000000;300;9636211147;S
20240219;100725;199.260000000;10;9636211866;B
20240219;100725;199.280000000;150;9636211904;B
20240219;100728;199.200000000;100;9636212701;S
20240219;100729;199.200000000;10;9636213005;S
20240219;100730;199.260000000;10;9636213153;B
20240219;100732;199.260000000;120;9636213576;B
20240219;100732;199.260000000;280;9636213577;B
20240219;100732;199.260000000;190;9636213598;S
20240219;100732;199.260000000;10;9636213599;S
20240219;100739;199.260000000;10;9636214843;B
20240219;100739;199.280000000;20;9636214844;B
20240219;100739;199.280000000;130;9636214969;B
20240219;100739;199.280000000;240;9636214970;B
20240219;100739;199.280000000;300;9636214971;B
20240219;100739;199.280000000;330;9636214972;B
20240219;100740;199.300000000;280;9636215010;B
20240219;100742;199.300000000;10;9636215302;B
20240219;100742;199.300000000;190;9636215303;B
20240219;100742;199.240000000;10;9636215312;S
20240219;100743;199.300000000;10;9636215476;B
20240219;100743;199.300000000;700;9636215532;B
20240219;100743;199.300000000;100;9636215581;B
20240219;100743;199.300000000;100;9636215582;B
20240219;100744;199.260000000;200;9636215723;B
20240219;100747;199.300000000;30;9636216173;B
20240219;100747;199.240000000;100;9636216241;S
20240219;100750;199.280000000;20;9636216581;S
20240219;100750;199.220000000;10;9636216582;S
20240219;100753;199.280000000;10;9636217017;B
20240219;100757;199.280000000;30;9636217681;B
20240219;100802;199.200000000;150;9636218429;S
20240219;100802;199.280000000;710;9636218493;B
20240219;100802;199.280000000;20;9636218494;B
20240219;100804;199.280000000;1000;9636219110;S
20240219;100804;199.280000000;300;9636219167;S
20240219;100806;199.280000000;1090;9636219477;S
20240219;100807;199.300000000;10;9636219546;B
20240219;100809;199.280000000;110;9636219949;S
20240219;100812;199.300000000;200;9636220435;B
20240219;100813;199.300000000;20;9636220633;B
20240219;100813;199.280000000;3000;9636220695;S
20240219;100815;199.280000000;2000;9636221027;S
20240219;100815;199.280000000;1070;9636221028;S
20240219;100815;199.280000000;10;9636221029;S
20240219;100818;199.200000000;10;9636221348;S
20240219;100818;199.200000000;10;9636221349;S
20240219;100818;199.200000000;40;9636221350;S
20240219;100824;199.200000000;20;9636222155;B
20240219;100824;199.200000000;980;9636222156;B
20240219;100827;199.240000000;510;9636222522;B
20240219;100827;199.240000000;390;9636222523;B
20240219;100828;199.240000000;40;9636222721;B
20240219;100828;199.100000000;110;9636222814;S
20240219;100831;199.100000000;30;9636223164;S
20240219;100831;199.100000000;20;9636223165;S
20240219;100832;199.220000000;10;9636223291;B
20240219;100833;199.100000000;10;9636223437;S
20240219;100836;199.100000000;10;9636223908;S
20240219;100843;199.240000000;10;9636225003;B
20240219;100847;199.240000000;10;9636225506;B
20240219;100851;199.240000000;30;9636225998;B
20240219;100854;199.200000000;10;9636226464;S
20240219;100855;199.200000000;20;9636226578;S
20240219;100855;199.100000000;40;9636226579;S
20240219;100855;199.100000000;500;9636226580;S
20240219;100855;199.100000000;10;9636226581;S
20240219;100855;199.100000000;20;9636226582;S
20240219;100856;199.220000000;20;9636226729;B
20240219;100858;199.120000000;250;9636227007;S
20240219;100859;199.160000000;540;9636227182;B
20240219;100859;199.140000000;100;9636227272;S
20240219;100859;199.120000000;150;9636227273;S
20240219;100900;199.100000000;20;9636227453;S
20240219;100901;199.100000000;460;9636227627;S
20240219;100901;199.140000000;30;9636227677;B
20240219;100903;199.120000000;50;9636227980;S
20240219;100903;199.100000000;30;9636227981;S
20240219;100904;199.100000000;150;9636228348;S
20240219;100906;199.100000000;370;9636228785;S
20240219;100907;199.100000000;50;9636229132;S
20240219;100907;199.100000000;90;9636229208;S
20240219;100912;199.120000000;30;9636229849;B
20240219;100914;199.100000000;60;9636230086;S
20240219;100915;199.120000000;10;9636230314;B
20240219;100916;199.100000000;230;9636230508;S
20240219;100916;199.100000000;10;9636230511;S
20240219;100917;199.120000000;10;9636230606;B
20240219;100917;199.120000000;400;9636230620;B
20240219;100917;199.100000000;50;9636230687;S
20240219;100918;199.100000000;30;9636230808;S
20240219;100919;199.100000000;20;9636231012;S
20240219;100920;199.100000000;290;9636231242;S
20240219;100921;199.100000000;480;9636231302;S
20240219;100921;199.100000000;50;9636231442;S
20240219;100921;199.100000000;10;9636231454;S
20240219;100922;199.100000000;300;9636231587;S
20240219;100922;199.100000000;90;9636231617;S
20240219;100927;199.120000000;100;9636232579;B
20240219;100928;199.100000000;540;9636232918;S
20240219;100929;199.120000000;10;9636233081;B
20240219;100929;199.100000000;60;9636233175;S
20240219;100930;199.100000000;250;9636233380;S
20240219;100931;199.120000000;180;9636233542;B
20240219;100931;199.120000000;70;9636233543;B
20240219;100931;199.140000000;180;9636233629;B
20240219;100932;199.140000000;20;9636233805;B
20240219;100937;199.100000000;1950;9636234752;S
20240219;100937;199.140000000;10;9636234855;B
20240219;100938;199.100000000;140;9636234967;S
20240219;100938;199.100000000;50;9636235120;S
20240219;100938;199.100000000;100;9636235121;S
20240219;100939;199.100000000;10;9636235424;S
20240219;100940;199.120000000;10;9636235654;S
20240219;100940;199.100000000;990;9636235655;S
20240219;100940;199.100000000;2080;9636235656;S
20240219;100940;199.100000000;500;9636235657;S
20240219;100940;199.100000000;10;9636235658;S
20240219;100940;199.060000000;30;9636235659;S
20240219;100940;199.040000000;10;9636235660;S
20240219;100940;199.040000000;20;9636235661;S
20240219;100940;199.020000000;10;9636235663;S
20240219;100940;199.000000000;10;9636235670;S
20240219;100941;199.000000000;260;9636235996;S
20240219;100941;199.000000000;50;9636235997;S
20240219;100941;199.000000000;10;9636235998;S
20240219;100941;199.000000000;60;9636235999;S
20240219;100941;198.980000000;690;9636236000;S
20240219;100941;198.980000000;50;9636236073;S
20240219;100942;198.980000000;10;9636236126;S
20240219;100942;198.980000000;30;9636236176;S
20240219;100942;198.980000000;170;9636236438;S
20240219;100943;198.980000000;60;9636236675;S
20240219;100944;198.980000000;60;9636236822;S
20240219;100944;198.980000000;30;9636236924;S
20240219;100945;198.980000000;80;9636237045;S
20240219;100946;198.980000000;30;9636237264;S
20240219;100947;198.980000000;30;9636237399;S
20240219;100956;199.060000000;10;9636238736;B
20240219;100957;199.060000000;20;9636238869;B
20240219;100957;198.980000000;10;9636238958;S
20240219;100959;199.060000000;20;9636239397;B
20240219;101001;198.980000000;320;9636239673;S
20240219;101001;198.980000000;190;9636239674;S
20240219;101001;198.960000000;340;9636239675;S
20240219;101004;198.960000000;950;9636240113;S
20240219;101004;198.960000000;80;9636240114;S
20240219;101004;198.960000000;1250;9636240115;S
20240219;101004;198.940000000;10;9636240116;S
20240219;101004;198.940000000;10;9636240117;S
20240219;101004;198.940000000;190;9636240118;S
20240219;101004;198.940000000;40;9636240119;S
20240219;101004;198.920000000;400;9636240120;S
20240219;101004;198.900000000;10;9636240121;S
20240219;101004;198.900000000;30;9636240122;S
20240219;101004;198.880000000;30;9636240123;S
20240219;101006;199.040000000;30;9636240639;B
20240219;101008;198.940000000;10;9636240852;S
20240219;101008;198.920000000;50;9636240853;S
20240219;101016;199.000000000;10;9636242267;B
20240219;101016;199.000000000;10;9636242268;B
20240219;101017;198.960000000;10;9636242466;S
20240219;101017;198.940000000;140;9636242467;S
20240219;101023;198.980000000;100;9636243250;S
20240219;101023;198.920000000;100;9636243251;S
20240219;101023;198.920000000;10;9636243252;S
20240219;101023;198.920000000;340;9636243253;S
20240219;101030;198.900000000;30;9636244380;S
20240219;101044;199.000000000;10;9636246580;B
20240219;101045;199.000000000;60;9636246644;B
20240219;101045;199.000000000;40;9636246645;B
20240219;101045;199.020000000;150;9636246646;B
20240219;101045;199.000000000;10;9636246676;B
20240219;101053;198.900000000;40;9636247798;S
20240219;101054;198.900000000;30;9636247947;S
20240219;101054;198.880000000;30;9636247948;S
20240219;101054;198.860000000;10;9636247949;S
20240219;101054;198.860000000;1250;9636247950;S
20240219;101054;198.840000000;500;9636247951;S
20240219;101054;198.820000000;10;9636247952;S
20240219;101054;198.820000000;20;9636247953;S
20240219;101054;198.820000000;10;9636247954;S
20240219;101054;198.820000000;30;9636247955;S
20240219;101054;198.800000000;50;9636247956;S
20240219;101054;198.800000000;10;9636247957;S
20240219;101054;198.800000000;400;9636247958;S
20240219;101054;198.800000000;650;9636247959;S
20240219;101054;198.920000000;10;9636247987;B
20240219;101055;198.980000000;10;9636248137;B
20240219;101101;198.820000000;10;9636248870;S
20240219;101105;198.900000000;10;9636249535;B
20240219;101106;198.900000000;10;9636249740;B
20240219;101107;198.900000000;80;9636249937;B
20240219;101107;198.940000000;160;9636249938;B
20240219;101107;198.940000000;40;9636249939;B
20240219;101107;198.960000000;200;9636249940;B
20240219;101107;198.960000000;950;9636249941;B
20240219;101107;198.980000000;170;9636249942;B
20240219;101109;199.000000000;310;9636250224;B
20240219;101109;199.000000000;300;9636250225;B
20240219;101109;199.040000000;400;9636250226;B
20240219;101109;199.060000000;20;9636250337;B
20240219;101110;198.880000000;20;9636250375;S
20240219;101110;198.880000000;500;9636250376;S
20240219;101110;198.860000000;40;9636250377;S
20240219;101110;198.860000000;10;9636250378;S
20240219;101110;198.840000000;50;9636250379;S
20240219;101116;198.860000000;20;9636251380;S
20240219;101116;198.840000000;20;9636251381;S
20240219;101117;198.840000000;40;9636251554;S
20240219;101118;199.000000000;150;9636251667;B
20240219;101118;199.020000000;500;9636251668;B
20240219;101118;199.040000000;850;9636251669;B
20240219;101124;198.920000000;80;9636252659;S
20240219;101126;198.920000000;20;9636252942;S
20240219;101130;199.060000000;100;9636253553;B
20240219;101130;199.060000000;50;9636253554;B
20240219;101135;199.060000000;10;9636254301;B
20240219;101135;199.060000000;20;9636254302;S
20240219;101135;199.060000000;20;9636254303;S
20240219;101141;198.960000000;10;9636255167;S
20240219;101150;199.080000000;150;9636256632;B
20240219;101150;199.080000000;100;9636256633;B
20240219;101152;199.100000000;50;9636256808;B
20240219;101152;199.100000000;20;9636256809;B
20240219;101152;199.100000000;40;9636256810;B
20240219;101152;199.120000000;390;9636256811;B
20240219;101157;199.020000000;40;9636257583;S
20240219;101158;199.020000000;100;9636257619;B
20240219;101159;199.020000000;10;9636257721;B
20240219;101200;199.020000000;60;9636257919;B
20240219;101201;199.020000000;30;9636257960;B
20240219;101201;199.020000000;100;9636258034;B
20240219;101202;199.000000000;10;9636258098;S
20240219;101202;199.000000000;40;9636258099;S
20240219;101202;198.960000000;10;9636258100;S
20240219;101202;198.960000000;150;9636258101;S
20240219;101202;198.940000000;60;9636258102;S
20240219;101205;199.000000000;700;9636259090;S
20240219;101206;199.020000000;10;9636259120;B
20240219;101207;199.000000000;300;9636259310;S
20240219;101207;199.000000000;100;9636259311;S
20240219;101207;199.000000000;100;9636259362;B
20240219;101207;199.020000000;130;9636259363;B
20240219;101207;199.040000000;20;9636259364;B
20240219;101210;199.040000000;40;9636259949;B
20240219;101210;199.060000000;130;9636259950;B
20240219;101210;199.080000000;500;9636259951;B
20240219;101210;199.100000000;320;9636259952;B
20240219;101210;199.120000000;10;9636259953;B
20240219;101211;199.100000000;160;9636260134;B
20240219;101211;199.120000000;360;9636260135;B
20240219;101211;199.120000000;600;9636260139;B
20240219;101211;199.120000000;510;9636260140;B
20240219;101211;199.120000000;300;9636260141;B
20240219;101211;199.140000000;40;9636260142;B
20240219;101211;199.140000000;30;9636260143;B
20240219;101211;199.140000000;20;9636260144;B
20240219;101211;199.140000000;130;9636260145;B
20240219;101212;199.180000000;20;9636260327;B
20240219;101212;199.220000000;40;9636260328;B
20240219;101213;199.160000000;10;9636260521;S
20240219;101222;199.220000000;10;9636261743;B
20240219;101222;199.220000000;40;9636261744;B
20240219;101223;199.160000000;100;9636261779;S
20240219;101225;199.200000000;10;9636262083;B
20240219;101225;199.160000000;30;9636262227;S
20240219;101228;199.200000000;20;9636262756;B
20240219;101232;199.200000000;30;9636263300;S
20240219;101232;199.180000000;130;9636263301;S
20240219;101232;199.160000000;110;9636263302;S
20240219;101232;199.240000000;10;9636263333;B
20240219;101234;199.240000000;500;9636263813;B
20240219;101235;199.240000000;500;9636263916;B
20240219;101241;199.200000000;550;9636264736;B
20240219;101242;199.200000000;1950;9636264807;B
20240219;101242;199.200000000;50;9636264808;B
20240219;101249;199.240000000;10;9636265970;B
20240219;101250;199.260000000;10;9636266098;B
20240219;101252;199.260000000;60;9636266282;B
20240219;101256;199.260000000;30;9636266783;B
20240219;101257;199.240000000;10;9636266829;S
20240219;101259;199.260000000;400;9636267056;B
20240219;101259;199.260000000;110;9636267057;B
20240219;101300;199.260000000;40;9636267247;B
20240219;101300;199.260000000;10;9636267248;B
20240219;101300;199.260000000;30;9636267249;B
20240219;101300;199.280000000;20;9636267250;B
20240219;101300;199.280000000;10;9636267251;B
20240219;101300;199.280000000;30;9636267252;B
20240219;101300;199.280000000;360;9636267253;B
20240219;101302;199.240000000;230;9636267411;S
20240219;101302;199.220000000;30;9636267412;S
20240219;101304;199.220000000;110;9636267718;B
20240219;101305;199.220000000;10;9636267940;B
20240219;101306;199.220000000;10;9636267990;B
20240219;101307;199.220000000;550;9636268130;B
20240219;101307;199.220000000;130;9636268131;B
20240219;101307;199.260000000;320;9636268132;B
20240219;101307;199.260000000;30;9636268149;B
20240219;101312;199.200000000;10;9636268938;S
20240219;101314;199.200000000;50;9636269260;S
20240219;101314;199.240000000;10;9636269284;B
20240219;101314;199.240000000;130;9636269285;B
20240219;101315;199.280000000;650;9636269378;B
20240219;101315;199.280000000;410;9636269379;B
20240219;101315;199.280000000;510;9636269380;B
20240219;101315;199.300000000;4640;9636269381;B
20240219;101315;199.300000000;10;9636269382;B
20240219;101315;199.300000000;120;9636269383;B
20240219;101315;199.300000000;240;9636269384;B
20240219;101316;199.300000000;540;9636269634;B
20240219;101317;199.300000000;120;9636269698;B
20240219;101318;199.280000000;20;9636269794;S
20240219;101319;199.300000000;10;9636270007;B
20240219;101324;199.300000000;20;9636270681;B
20240219;101325;199.300000000;440;9636270865;B
20240219;101328;199.300000000;150;9636271299;B
20240219;101330;199.280000000;10;9636271594;S
20240219;101330;199.300000000;20;9636271614;B
20240219;101331;199.300000000;80;9636271800;B
20240219;101332;199.280000000;220;9636271882;S
20240219;101332;199.280000000;50;9636271883;S
20240219;101332;199.260000000;10;9636271924;S
20240219;101332;199.260000000;490;9636271925;S
20240219;101334;199.260000000;10;9636272132;S
20240219;101334;199.280000000;10;9636272206;B
20240219;101335;199.280000000;160;9636272339;B
20240219;101335;199.280000000;510;9636272340;B
20240219;101335;199.280000000;130;9636272341;B
20240219;101335;199.300000000;700;9636272342;B
20240219;101339;199.280000000;10;9636272705;B
20240219;101339;199.300000000;40;9636272706;B
20240219;101339;199.260000000;70;9636272736;S
20240219;101339;199.260000000;80;9636272770;S
20240219;101339;199.260000000;70;9636272771;S
20240219;101341;199.300000000;10;9636272996;B
20240219;101343;199.300000000;270;9636273169;B
20240219;101343;199.300000000;230;9636273170;B
20240219;101344;199.300000000;170;9636273344;B
20240219;101345;199.300000000;10;9636273431;B
20240219;101345;199.300000000;150;9636273485;B
20240219;101345;199.300000000;100;9636273497;B
20240219;101347;199.300000000;10;9636273732;B
20240219;101347;199.300000000;40;9636273897;B
20240219;101347;199.300000000;30;9636273900;B
20240219;101348;199.280000000;10;9636274071;S
20240219;101352;199.300000000;20;9636275223;B
20240219;101355;199.300000000;740;9636275751;B
20240219;101355;199.300000000;10;9636275752;B
20240219;101355;199.300000000;190;9636275753;B
20240219;101355;199.300000000;1250;9636275754;B
20240219;101355;199.340000000;30;9636275756;B
20240219;101355;199.320000000;130;9636275757;S
20240219;101355;199.320000000;370;9636275758;S
20240219;101356;199.340000000;20;9636275946;B
20240219;101357;199.360000000;30;9636276028;B
20240219;101401;199.360000000;10;9636276595;B
20240219;101401;199.340000000;30;9636276658;S
20240219;101402;199.320000000;270;9636276689;S
20240219;101402;199.360000000;160;9636276698;B
20240219;101402;199.400000000;90;9636276699;B
20240219;101402;199.400000000;30;9636276704;B
20240219;101402;199.400000000;10;9636276743;B
20240219;101402;199.340000000;90;9636276753;S
20240219;101402;199.340000000;30;9636276803;B
20240219;101403;199.340000000;50;9636276887;B
20240219;101404;199.320000000;100;9636277248;S
20240219;101404;199.320000000;10;9636277300;S
20240219;101410;199.340000000;430;9636278092;B
20240219;101410;199.340000000;130;9636278093;B
20240219;101412;199.360000000;10;9636278454;S
20240219;101413;199.380000000;10;9636278640;B
20240219;101415;199.380000000;10;9636278895;B
20240219;101419;199.360000000;160;9636279413;S
20240219;101420;199.360000000;10;9636279547;S
20240219;101420;199.380000000;60;9636279550;B
20240219;101420;199.380000000;440;9636279551;B
20240219;101421;199.380000000;50;9636279865;B
20240219;101422;199.360000000;200;9636280058;S
20240219;101422;199.380000000;10;9636280073;B
20240219;101428;199.360000000;20;9636281166;S
20240219;101430;199.380000000;30;9636281373;B
20240219;101430;199.380000000;20;9636281388;B
20240219;101430;199.380000000;700;9636281470;B
20240219;101430;199.380000000;130;9636281471;B
20240219;101430;199.380000000;70;9636281472;B
20240219;101430;199.380000000;300;9636281473;B
20240219;101431;199.360000000;1140;9636281685;S
20240219;101431;199.360000000;10;9636281686;S
20240219;101431;199.360000000;100;9636281687;S
20240219;101431;199.360000000;1000;9636281688;S
20240219;101431;199.320000000;760;9636281766;S
20240219;101432;199.300000000;270;9636281782;S
20240219;101432;199.300000000;80;9636281887;S
20240219;101432;199.300000000;1050;9636281888;S
20240219;101432;199.300000000;1410;9636281889;S
20240219;101432;199.300000000;100;9636281890;S
20240219;101432;199.280000000;10;9636281891;S
20240219;101432;199.280000000;1000;9636281892;S
20240219;101432;199.280000000;1000;9636281893;S
20240219;101432;199.280000000;100;9636281894;S
20240219;101433;199.260000000;10;9636281953;S
20240219;101433;199.260000000;50;9636281954;S
20240219;101434;199.240000000;160;9636282139;S
20240219;101434;199.240000000;30;9636282140;S
20240219;101434;199.240000000;200;9636282141;S
20240219;101434;199.200000000;140;9636282202;S
20240219;101434;199.200000000;180;9636282203;S
20240219;101434;199.220000000;20;9636282236;B
20240219;101435;199.180000000;90;9636282354;S
20240219;101435;199.180000000;4170;9636282355;S
20240219;101435;199.180000000;740;9636282356;S
20240219;101435;199.180000000;30;9636282357;S
20240219;101436;199.160000000;350;9636282555;S
20240219;101436;199.140000000;3370;9636282568;S
20240219;101436;199.140000000;400;9636282569;S
20240219;101436;199.140000000;30;9636282592;B
20240219;101436;199.140000000;60;9636282593;B
20240219;101436;199.140000000;40;9636282594;B
20240219;101436;199.120000000;10;9636282596;B
20240219;101436;199.120000000;50;9636282597;B
20240219;101436;199.120000000;20;9636282600;B
20240219;101436;199.120000000;40;9636282602;B
20240219;101436;199.120000000;70;9636282603;B
20240219;101436;199.120000000;40;9636282607;B
20240219;101436;199.120000000;150;9636282608;B
20240219;101436;199.120000000;210;9636282609;B
20240219;101436;199.120000000;10;9636282611;B
20240219;101436;199.120000000;390;9636282612;B
20240219;101436;199.120000000;130;9636282613;B
20240219;101436;199.120000000;50;9636282614;B
20240219;101436;199.120000000;30;9636282615;B
20240219;101436;199.120000000;160;9636282631;B
20240219;101436;199.120000000;30;9636282632;B
20240219;101436;199.120000000;40;9636282634;B
20240219;101436;199.120000000;60;9636282636;B
20240219;101436;199.120000000;140;9636282637;B
20240219;101436;199.120000000;30;9636282638;B
20240219;101436;199.120000000;20;9636282639;B
20240219;101436;199.120000000;70;9636282640;B
20240219;101436;199.140000000;60;9636282641;B
20240219;101436;199.140000000;90;9636282642;B
20240219;101436;199.120000000;50;9636282643;B
20240219;101436;199.120000000;60;9636282644;B
20240219;101436;199.120000000;40;9636282645;B
20240219;101436;199.120000000;140;9636282646;B
20240219;101436;199.140000000;40;9636282647;B
20240219;101436;199.140000000;90;9636282648;B
20240219;101436;199.140000000;80;9636282649;B
20240219;101436;199.140000000;80;9636282650;B
20240219;101436;199.140000000;60;9636282652;B
20240219;101436;199.140000000;90;9636282653;B
20240219;101438;199.060000000;250;9636283060;S
20240219;101438;199.080000000;50;9636283194;B
20240219;101438;199.080000000;60;9636283195;B
20240219;101438;199.080000000;50;9636283196;B
20240219;101438;199.080000000;50;9636283197;B
20240219;101438;199.080000000;80;9636283198;B
20240219;101438;199.080000000;210;9636283200;B
20240219;101438;199.120000000;80;9636283201;B
20240219;101438;199.120000000;20;9636283202;B
20240219;101438;199.120000000;70;9636283203;B
20240219;101438;199.120000000;20;9636283204;B
20240219;101438;199.120000000;80;9636283205;B
20240219;101438;199.120000000;60;9636283206;B
20240219;101438;199.120000000;40;9636283207;B
20240219;101438;199.120000000;50;9636283208;B
20240219;101438;199.120000000;80;9636283209;B
20240219;101438;199.180000000;50;9636283210;B
20240219;101438;199.180000000;40;9636283211;B
20240219;101438;199.180000000;40;9636283212;B
20240219;101438;199.180000000;10;9636283213;B
20240219;101438;199.200000000;70;9636283214;B
20240219;101438;199.200000000;250;9636283215;B
20240219;101438;199.200000000;30;9636283216;B
20240219;101438;199.200000000;30;9636283220;B
20240219;101438;199.200000000;30;9636283221;B
20240219;101438;199.200000000;30;9636283222;B
20240219;101438;199.200000000;120;9636283223;B
20240219;101438;199.200000000;30;9636283224;B
20240219;101438;199.200000000;60;9636283225;B
20240219;101438;199.200000000;150;9636283226;B
20240219;101438;199.200000000;80;9636283227;B
20240219;101438;199.200000000;350;9636283228;B
20240219;101438;199.200000000;40;9636283229;B
20240219;101440;199.140000000;10;9636283555;B
20240219;101441;199.140000000;10;9636283737;B
20240219;101445;199.060000000;200;9636284496;S
20240219;101445;199.080000000;10;9636284514;B
20240219;101446;199.020000000;30;9636284554;S
20240219;101446;199.020000000;10;9636284555;S
20240219;101446;199.020000000;10;9636284556;S
20240219;101447;199.000000000;10;9636284780;S
20240219;101447;199.020000000;20;9636284937;B
20240219;101448;199.000000000;30;9636285081;S
20240219;101448;199.000000000;400;9636285082;S
20240219;101449;198.960000000;80;9636285206;B
20240219;101449;198.980000000;20;9636285207;B
20240219;101450;199.000000000;100;9636285414;B
20240219;101450;199.000000000;20;9636285450;B
20240219;101450;199.000000000;40;9636285451;B
20240219;101450;199.000000000;20;9636285452;B
20240219;101450;199.000000000;20;9636285453;B
20240219;101450;199.000000000;10;9636285454;B
20240219;101450;199.000000000;50;9636285455;B
20240219;101450;199.000000000;20;9636285456;B
20240219;101450;199.000000000;10;9636285457;B
20240219;101450;199.000000000;10;9636285458;B
20240219;101450;199.000000000;10;9636285459;B
20240219;101450;199.000000000;20;9636285460;B
20240219;101450;199.000000000;30;9636285461;B
20240219;101450;199.000000000;10;9636285462;B
20240219;101450;199.000000000;10;9636285463;B
20240219;101450;199.000000000;10;9636285464;B
20240219;101450;199.000000000;20;9636285465;B
20240219;101450;199.000000000;10;9636285466;B
20240219;101450;199.000000000;10;9636285469;B
20240219;101450;199.000000000;30;9636285470;B
20240219;101450;199.000000000;20;9636285471;B
20240219;101450;199.000000000;40;9636285473;B
20240219;101450;199.000000000;10;9636285474;B
20240219;101450;199.000000000;100;9636285475;B
20240219;101450;199.000000000;30;9636285477;B
20240219;101450;199.000000000;10;9636285478;B
20240219;101450;199.000000000;10;9636285479;B
20240219;101450;199.000000000;10;9636285480;B
20240219;101450;199.000000000;10;9636285481;B
20240219;101450;199.000000000;20;9636285482;B
20240219;101450;199.000000000;30;9636285483;B
20240219;101450;199.000000000;30;9636285485;B
20240219;101450;199.000000000;30;9636285487;B
20240219;101450;199.000000000;20;9636285488;B
20240219;101450;199.000000000;10;9636285489;B
20240219;101450;199.000000000;20;9636285490;B
20240219;101450;199.000000000;60;9636285492;B
20240219;101450;199.100000000;10;9636285493;B
20240219;101450;199.100000000;10;9636285494;B
20240219;101450;199.100000000;20;9636285495;B
20240219;101450;199.100000000;10;9636285496;B
20240219;101450;199.080000000;10;9636285498;B
20240219;101450;199.100000000;20;9636285499;B
20240219;101450;199.100000000;30;9636285500;B
20240219;101450;199.100000000;20;9636285501;B
20240219;101450;199.120000000;10;9636285502;B
20240219;101450;199.120000000;60;9636285505;B
20240219;101450;199.120000000;10;9636285506;B
20240219;101450;199.120000000;10;9636285507;B
20240219;101450;199.120000000;20;9636285508;B
20240219;101450;199.120000000;10;9636285509;B
20240219;101450;199.120000000;10;9636285510;B
20240219;101450;199.120000000;20;9636285511;B
20240219;101450;199.120000000;30;9636285512;B
20240219;101450;199.120000000;30;9636285513;B
20240219;101450;199.120000000;20;9636285514;B
20240219;101450;199.120000000;10;9636285515;B
20240219;101450;199.120000000;20;9636285517;B
20240219;101450;199.120000000;80;9636285518;B
20240219;101450;199.120000000;10;9636285519;B
20240219;101450;199.120000000;10;9636285520;B
20240219;101450;199.120000000;20;9636285521;B
20240219;101450;199.120000000;10;9636285522;B
20240219;101450;199.120000000;10;9636285523;B
20240219;101450;199.120000000;10;9636285524;B
20240219;101450;199.120000000;20;9636285525;B
20240219;101450;199.120000000;20;9636285526;B
20240219;101451;199.000000000;100;9636285808;S
20240219;101451;198.940000000;40;9636285981;S
20240219;101451;198.940000000;10;9636285982;S
20240219;101451;198.940000000;10;9636285983;S
20240219;101451;198.900000000;30;9636285984;S
20240219;101451;198.900000000;30;9636285985;S
20240219;101451;198.900000000;20;9636285986;S
20240219;101453;198.960000000;50;9636286447;B
20240219;101457;198.920000000;470;9636287226;B
20240219;101457;198.920000000;120;9636287227;B
20240219;101457;198.940000000;500;9636287228;B
20240219;101457;198.960000000;300;9636287229;B
20240219;101459;199.000000000;40;9636287555;S
20240219;101459;199.000000000;70;9636287556;S
20240219;101500;198.900000000;80;9636287763;S
20240219;101500;199.100000000;20;9636287808;B
20240219;101502;198.920000000;260;9636288341;S
20240219;101504;199.000000000;10;9636289134;S
20240219;101504;198.920000000;120;9636289135;S
20240219;101504;198.900000000;200;9636289136;S
20240219;101504;198.900000000;40;9636289137;S
20240219;101504;198.900000000;130;9636289138;S
20240219;101504;199.040000000;90;9636289157;B
20240219;101510;198.980000000;20;9636290310;B
20240219;101510;199.000000000;10;9636290416;B
20240219;101510;199.000000000;30;9636290417;B
20240219;101510;199.000000000;20;9636290428;B
20240219;101521;198.960000000;30;9636293529;B
20240219;101522;198.900000000;10;9636293619;S
20240219;101522;198.980000000;20;9636293841;B
20240219;101525;198.980000000;10;9636294682;B
20240219;101526;198.880000000;30;9636294876;S
20240219;101526;198.880000000;300;9636294877;S
20240219;101526;198.860000000;1820;9636294878;S
20240219;101526;198.860000000;110;9636294879;S
20240219;101526;198.840000000;140;9636294880;S
20240219;101528;198.840000000;20;9636295254;S
20240219;101528;198.920000000;10;9636295314;B
20240219;101529;198.920000000;20;9636295685;B
20240219;101530;198.940000000;130;9636295893;B
20240219;101532;198.840000000;270;9636296419;S
20240219;101533;198.840000000;70;9636296773;S
20240219;101533;198.820000000;110;9636296774;S
20240219;101533;198.820000000;70;9636296775;S
20240219;101534;198.940000000;10;9636296852;B
20240219;101536;198.980000000;100;9636297364;B
20240219;101538;198.960000000;10;9636297905;B
20240219;101538;198.940000000;80;9636297964;S
20240219;101540;198.940000000;70;9636298410;S
20240219;101540;198.900000000;150;9636298459;B
20240219;101542;198.880000000;10;9636298785;S
20240219;101542;198.820000000;90;9636298786;S
20240219;101548;198.880000000;30;9636300570;B
20240219;101549;198.880000000;40;9636300763;B
20240219;101550;198.880000000;30;9636301188;B
20240219;101554;198.880000000;30;9636302189;B
20240219;101558;198.800000000;50;9636303111;S
20240219;101558;198.800000000;50;9636303112;S
20240219;101602;198.800000000;270;9636303911;S
20240219;101602;198.800000000;10;9636304077;S
20240219;101611;198.840000000;10;9636307374;B
20240219;101614;198.860000000;10;9636308148;B
20240219;101617;198.800000000;20;9636308958;S
20240219;101619;198.800000000;60;9636309757;S
20240219;101621;198.820000000;10;9636310268;B
20240219;101622;198.800000000;450;9636310472;S
20240219;101622;198.800000000;100;9636310473;S
20240219;101622;198.800000000;80;9636310474;S
20240219;101622;198.800000000;30;9636310475;S
20240219;101622;198.800000000;40;9636310519;B
20240219;101622;198.780000000;40;9636310520;S
20240219;101622;198.780000000;30;9636310521;S
20240219;101622;198.780000000;10;9636310522;S
20240219;101622;198.780000000;10;9636310523;S
20240219;101622;198.780000000;100;9636310524;S
20240219;101622;198.760000000;50;9636310526;S
20240219;101622;198.760000000;850;9636310527;S
20240219;101622;198.760000000;10;9636310528;S
20240219;101622;198.760000000;30;9636310529;S
20240219;101622;198.760000000;10;9636310530;S
20240219;101622;198.760000000;10;9636310531;S
20240219;101622;198.760000000;10;9636310532;S
20240219;101622;198.760000000;100;9636310533;S
20240219;101622;198.760000000;880;9636310534;S
20240219;101622;198.760000000;10;9636310535;S
20240219;101622;198.760000000;10;9636310536;S
20240219;101622;198.760000000;10;9636310537;S
20240219;101622;198.760000000;10;9636310538;S
20240219;101622;198.760000000;10;9636310539;S
20240219;101622;198.760000000;10;9636310540;S
20240219;101622;198.760000000;10;9636310541;S
20240219;101622;198.760000000;10;9636310542;S
20240219;101622;198.760000000;20;9636310543;S
20240219;101622;198.760000000;10;9636310544;S
20240219;101622;198.760000000;150;9636310545;S
20240219;101622;198.760000000;20;9636310546;S
20240219;101622;198.760000000;10;9636310547;S
20240219;101622;198.760000000;10;9636310548;S
20240219;101622;198.760000000;230;9636310549;S
20240219;101622;198.760000000;150;9636310550;S
20240219;101622;198.760000000;10;9636310551;S
20240219;101622;198.760000000;20;9636310552;S
20240219;101622;198.760000000;60;9636310553;S
20240219;101622;198.760000000;250;9636310554;S
20240219;101622;198.760000000;20;9636310555;S
20240219;101622;198.760000000;10;9636310556;S
20240219;101622;198.760000000;100;9636310557;S
20240219;101622;198.760000000;500;9636310558;S
20240219;101622;198.760000000;100;9636310559;S
20240219;101622;198.760000000;10;9636310589;S
20240219;101622;198.760000000;190;9636310590;S
20240219;101623;198.740000000;10;9636310682;S
20240219;101623;198.740000000;10;9636310683;S
20240219;101623;198.740000000;20;9636310684;S
20240219;101623;198.740000000;30;9636310685;S
20240219;101623;198.740000000;30;9636310686;S
20240219;101623;198.740000000;10;9636310816;B
20240219;101623;198.700000000;10;9636310817;S
20240219;101623;198.700000000;10;9636310818;S
20240219;101623;198.700000000;10;9636310819;S
20240219;101623;198.700000000;100;9636310820;S
20240219;101623;198.700000000;500;9636310821;S
20240219;101623;198.660000000;100;9636310856;S
20240219;101623;198.660000000;50;9636310857;S
20240219;101624;198.700000000;10;9636310963;B
20240219;101625;198.660000000;30;9636311155;S
20240219;101625;198.660000000;10;9636311298;S
20240219;101626;198.660000000;30;9636311343;S
20240219;101629;198.680000000;40;9636312091;B
20240219;101629;198.680000000;60;9636312092;B
20240219;101629;198.700000000;10;9636312143;B
20240219;101631;198.660000000;20;9636312629;S
20240219;101632;198.660000000;270;9636312749;S
20240219;101633;198.680000000;70;9636312924;B
20240219;101634;198.700000000;10;9636313312;B
20240219;101634;198.660000000;110;9636313421;S
20240219;101634;198.660000000;30;9636313422;S
20240219;101634;198.660000000;10;9636313423;S
20240219;101636;198.660000000;10;9636313733;B
20240219;101637;198.660000000;10;9636313991;B
20240219;101639;198.660000000;10;9636315083;B
20240219;101639;198.640000000;80;9636315098;S
20240219;101639;198.640000000;220;9636315099;S
20240219;101640;198.640000000;20;9636315430;S
20240219;101641;198.660000000;400;9636315480;B
20240219;101642;198.640000000;10;9636315887;S
20240219;101643;198.600000000;10;9636316176;S
20240219;101644;198.640000000;250;9636316305;B
20240219;101644;198.600000000;830;9636316393;S
20240219;101645;198.600000000;130;9636316478;S
20240219;101646;198.600000000;370;9636316685;S
20240219;101650;198.620000000;150;9636317670;B
20240219;101652;198.600000000;20;9636318673;S
20240219;101652;198.600000000;740;9636318675;S
20240219;101653;198.620000000;10;9636318702;B
20240219;101653;198.620000000;10;9636318861;B
20240219;101655;198.620000000;20;9636319389;B
20240219;101656;198.600000000;500;9636319478;S
20240219;101656;198.600000000;40;9636319491;S
20240219;101656;198.600000000;10;9636319541;S
20240219;101657;198.620000000;60;9636319639;B
20240219;101657;198.600000000;10;9636319640;S
20240219;101657;198.600000000;20;9636319641;S
20240219;101657;198.600000000;180;9636319788;S
20240219;101657;198.600000000;10;9636319789;S
20240219;101658;198.600000000;140;9636319995;S
20240219;101658;198.600000000;640;9636319996;S
20240219;101658;198.600000000;350;9636319998;S
20240219;101659;198.580000000;20;9636320175;S
20240219;101659;198.580000000;10;9636320176;S
20240219;101659;198.580000000;20;9636320353;S
20240219;101659;198.580000000;30;9636320354;S
20240219;101659;198.560000000;10;9636320355;S
20240219;101700;198.560000000;20;9636320736;S
20240219;101700;198.560000000;10;9636320737;S
20240219;101700;198.560000000;20;9636320738;S
20240219;101700;198.540000000;10;9636320739;S
20240219;101700;198.520000000;50;9636320743;S
20240219;101700;198.540000000;10;9636320825;B
20240219;101700;198.520000000;220;9636320906;S
20240219;101700;198.520000000;80;9636320907;S
20240219;101700;198.520000000;190;9636321054;S
20240219;101700;198.500000000;50;9636321055;S
20240219;101700;198.500000000;10;9636321056;S
20240219;101700;198.500000000;50;9636321057;S
20240219;101701;198.500000000;30;9636321126;S
20240219;101701;198.500000000;100;9636321127;S
20240219;101701;198.500000000;30;9636321128;S
20240219;101701;198.500000000;140;9636321129;S
20240219;101701;198.500000000;10;9636321130;S
20240219;101701;198.500000000;80;9636321131;S
20240219;101701;198.500000000;80;9636321171;S
20240219;101701;198.480000000;10;9636321172;S
20240219;101701;198.480000000;10;9636321173;S
20240219;101701;198.440000000;10;9636321174;S
20240219;101701;198.440000000;190;9636321175;S
20240219;101701;198.400000000;10;9636321304;S
20240219;101701;198.400000000;100;9636321400;S
20240219;101701;198.400000000;30;9636321401;S
20240219;101701;198.400000000;60;9636321402;S
20240219;101701;198.400000000;110;9636321403;S
20240219;101701;198.380000000;300;9636321567;S
20240219;101701;198.380000000;250;9636321649;S
20240219;101701;198.380000000;200;9636321653;S
20240219;101701;198.380000000;500;9636321654;S
20240219;101701;198.360000000;100;9636321655;S
20240219;101701;198.360000000;10;9636321656;S
20240219;101701;198.360000000;20;9636321657;S
20240219;101701;198.340000000;60;9636321658;S
20240219;101701;198.340000000;160;9636321659;S
20240219;101701;198.320000000;570;9636321660;S
20240219;101701;198.300000000;100;9636321661;S
20240219;101701;198.300000000;1510;9636321662;S
20240219;101701;198.280000000;970;9636321663;S
20240219;101701;198.300000000;10;9636321675;S
20240219;101701;198.320000000;300;9636321707;S
20240219;101701;198.320000000;50;9636321765;S
20240219;101702;198.400000000;10;9636321818;S
20240219;101702;198.340000000;20;9636321819;S
20240219;101702;198.320000000;170;9636321824;S
20240219;101702;198.400000000;100;9636321867;B
20240219;101702;198.400000000;400;9636321929;S
20240219;101702;198.340000000;570;9636321930;S
20240219;101702;198.340000000;30;9636321931;S
20240219;101702;198.300000000;260;9636321957;S
20240219;101702;198.400000000;10;9636322149;S
20240219;101702;198.340000000;40;9636322150;S
20240219;101704;198.360000000;90;9636322827;B
20240219;101704;198.320000000;250;9636322839;S
20240219;101704;198.320000000;1010;9636322991;S
20240219;101704;198.320000000;50;9636322992;S
20240219;101704;198.280000000;520;9636322993;S
20240219;101704;198.280000000;560;9636322994;S
20240219;101705;198.280000000;50;9636323129;S
20240219;101705;198.340000000;30;9636323475;B
20240219;101706;198.360000000;10;9636323634;S
20240219;101706;198.300000000;30;9636323635;S
20240219;101706;198.300000000;1230;9636323637;B
20240219;101706;198.280000000;370;9636323713;S
20240219;101707;198.300000000;10;9636324053;S
20240219;101708;198.300000000;290;9636324293;S
20240219;101709;198.320000000;30;9636324830;B
20240219;101710;198.380000000;50;9636325107;B
20240219;101710;198.380000000;10;9636325108;B
20240219;101712;198.340000000;30;9636326047;S
20240219;101712;198.400000000;20;9636326062;B
20240219;101715;198.440000000;50;9636327051;B
20240219;101720;198.340000000;1480;9636328624;S
20240219;101720;198.340000000;50;9636328625;S
20240219;101720;198.340000000;100;9636328626;S
20240219;101720;198.340000000;370;9636328627;B
20240219;101722;198.440000000;70;9636329109;B
20240219;101722;198.340000000;340;9636329272;S
20240219;101723;198.360000000;60;9636329591;B
20240219;101724;198.380000000;100;9636329697;S
20240219;101724;198.360000000;100;9636329698;S
20240219;101724;198.400000000;240;9636329703;B
20240219;101725;198.340000000;500;9636330017;S
20240219;101726;198.340000000;10;9636330346;S
20240219;101726;198.320000000;10;9636330347;S
20240219;101726;198.320000000;40;9636330348;S
20240219;101726;198.320000000;10;9636330349;S
20240219;101726;198.320000000;100;9636330350;S
20240219;101726;198.320000000;170;9636330351;S
20240219;101728;198.300000000;60;9636330790;S
20240219;101730;198.340000000;450;9636331855;B
20240219;101731;198.340000000;60;9636332173;S
20240219;101731;198.340000000;50;9636332247;S
20240219;101731;198.320000000;30;9636332248;S
20240219;101732;198.320000000;270;9636332619;S
20240219;101739;198.320000000;10;9636334786;B
20240219;101740;198.300000000;10;9636334963;S
20240219;101743;198.300000000;1000;9636335461;S
20240219;101743;198.300000000;10;9636335462;S
20240219;101743;198.300000000;110;9636335463;S
20240219;101743;198.280000000;100;9636335464;S
20240219;101743;198.280000000;550;9636335465;S
20240219;101743;198.260000000;10;9636335466;S
20240219;101743;198.240000000;500;9636335467;S
20240219;101743;198.220000000;10;9636335468;S
20240219;101743;198.220000000;40;9636335469;S
20240219;101743;198.220000000;70;9636335470;S
20240219;101743;198.220000000;1260;9636335471;S
20240219;101743;198.200000000;2120;9636335472;S
20240219;101743;198.160000000;50;9636335473;S
20240219;101743;198.160000000;320;9636335474;S
20240219;101743;198.160000000;10;9636335475;S
20240219;101743;198.140000000;150;9636335476;S
20240219;101743;198.140000000;910;9636335477;S
20240219;101743;198.140000000;1510;9636335478;S
20240219;101743;198.120000000;10;9636335479;S
20240219;101743;198.120000000;1260;9636335480;S
20240219;101747;198.180000000;20;9636336431;B
20240219;101748;198.140000000;20;9636336733;S
20240219;101750;198.180000000;10;9636337372;B
20240219;101750;198.140000000;1000;9636337448;S
20240219;101751;198.140000000;380;9636337574;S
20240219;101751;198.180000000;10;9636337607;B
20240219;101752;198.180000000;10;9636337783;B
20240219;101755;198.160000000;10;9636338357;B
20240219;101756;198.140000000;10;9636338440;S
20240219;101756;198.120000000;10;9636338441;S
20240219;101801;198.140000000;10;9636340513;S
20240219;101802;198.120000000;60;9636340801;S
20240219;101802;198.100000000;210;9636340802;S
20240219;101802;198.100000000;10;9636340833;S
20240219;101802;198.100000000;30;9636340897;S
20240219;101803;198.120000000;10;9636340965;S
20240219;101803;198.100000000;30;9636340966;S
20240219;101803;198.100000000;30;9636340990;S
20240219;101803;198.100000000;650;9636341051;S
20240219;101803;198.100000000;90;9636341054;S
20240219;101805;198.120000000;10;9636341706;B
20240219;101806;198.120000000;10;9636341940;B
20240219;101808;198.100000000;140;9636342493;S
20240219;101809;198.100000000;60;9636342672;S
20240219;101810;198.100000000;50;9636342918;S
20240219;101814;198.100000000;30;9636343702;S
20240219;101815;198.120000000;10;9636344095;B
20240219;101816;198.100000000;170;9636344282;S
20240219;101816;198.100000000;10;9636344283;S
20240219;101816;198.100000000;10;9636344284;S
20240219;101816;198.080000000;10;9636344285;S
20240219;101816;198.080000000;10;9636344286;S
20240219;101818;198.120000000;30;9636344814;B
20240219;101822;198.080000000;10;9636345840;S
20240219;101824;198.100000000;20;9636346321;S
20240219;101825;198.120000000;80;9636346536;B
20240219;101825;198.120000000;1360;9636346593;B
20240219;101825;198.120000000;100;9636346594;B
20240219;101825;198.120000000;580;9636346704;S
20240219;101825;198.140000000;600;9636346705;B
20240219;101825;198.180000000;10;9636346706;B
20240219;101825;198.200000000;1270;9636346707;B
20240219;101828;198.220000000;310;9636347207;S
20240219;101829;198.300000000;80;9636347430;B
20240219;101829;198.220000000;100;9636347511;S
20240219;101830;198.300000000;20;9636347585;B
20240219;101832;198.220000000;270;9636348087;S
20240219;101834;198.220000000;30;9636348710;S
20240219;101834;198.300000000;490;9636348712;B
20240219;101834;198.300000000;1740;9636348713;B
20240219;101834;198.300000000;100;9636348714;B
20240219;101835;198.320000000;10;9636348915;B
20240219;101835;198.320000000;1980;9636348998;B
20240219;101835;198.320000000;20;9636348999;B
20240219;101835;198.320000000;80;9636349000;B
20240219;101836;198.320000000;250;9636349107;S
20240219;101837;198.440000000;40;9636349282;B
20240219;101838;198.440000000;20;9636349525;B
20240219;101840;198.320000000;300;9636349847;S
20240219;101841;198.400000000;10;9636350125;B
20240219;101842;198.360000000;100;9636350288;S
20240219;101842;198.340000000;10;9636350332;S
20240219;101843;198.400000000;20;9636350739;B
20240219;101845;198.400000000;70;9636351884;B
20240219;101846;198.420000000;30;9636351934;S
20240219;101846;198.420000000;20;9636352205;S
20240219;101846;198.420000000;160;9636352318;S
20240219;101846;198.420000000;720;9636352585;S
20240219;101846;198.340000000;540;9636352586;S
20240219;101846;198.320000000;740;9636352587;S
20240219;101852;198.360000000;10;9636354236;S
20240219;101900;198.360000000;10;9636356149;B
20240219;101901;198.360000000;10;9636356467;B
20240219;101902;198.320000000;60;9636356793;S
20240219;101902;198.320000000;10;9636356909;S
20240219;101902;198.320000000;250;9636356910;S
20240219;101902;198.360000000;10;9636356957;B
20240219;101902;198.360000000;10;9636356973;B
20240219;101903;198.340000000;10;9636357320;B
20240219;101905;198.320000000;100;9636357761;S
20240219;101906;198.340000000;10;9636357869;B
20240219;101906;198.340000000;10;9636357898;B
20240219;101907;198.320000000;100;9636358444;S
20240219;101907;198.340000000;10;9636358528;B
20240219;101908;198.340000000;10;9636358771;B
20240219;101908;198.340000000;10;9636358864;B
20240219;101909;198.340000000;10;9636359104;B
20240219;101909;198.340000000;30;9636359256;B
20240219;101912;198.360000000;720;9636359805;B
20240219;101912;198.320000000;20;9636359984;S
20240219;101913;198.360000000;10;9636360089;B
20240219;101913;198.320000000;10;9636360204;S
20240219;101914;198.360000000;10;9636360314;B
20240219;101914;198.360000000;10;9636360334;B
20240219;101915;198.360000000;10;9636360402;B
20240219;101916;198.320000000;100;9636360817;S
20240219;101918;198.360000000;10;9636361213;B
20240219;101918;198.360000000;10;9636361247;B
20240219;101920;198.360000000;10;9636361705;B
20240219;101921;198.360000000;10;9636361901;B
20240219;101921;198.360000000;10;9636362090;B
20240219;101922;198.360000000;10;9636362162;B
20240219;101923;198.360000000;10;9636362473;B
20240219;101923;198.360000000;410;9636362474;B
20240219;101923;198.360000000;50;9636362475;B
20240219;101924;198.320000000;20;9636362654;S
20240219;101925;198.320000000;210;9636363004;S
20240219;101926;198.400000000;300;9636363162;B
20240219;101927;198.400000000;100;9636363468;S
20240219;101932;198.400000000;270;9636364716;S
20240219;101934;198.400000000;140;9636365142;S
20240219;101934;198.440000000;50;9636365292;B
20240219;101936;198.400000000;70;9636365737;S
20240219;101936;198.380000000;10;9636365738;S
20240219;101936;198.380000000;520;9636365739;S
20240219;101936;198.340000000;500;9636365740;S
20240219;101936;198.340000000;10;9636365741;S
20240219;101936;198.320000000;10;9636365742;S
20240219;101936;198.320000000;10;9636365743;S
20240219;101936;198.320000000;370;9636365744;S
20240219;101938;198.320000000;440;9636366210;S
20240219;101940;198.440000000;10;9636366682;B
20240219;101947;198.320000000;1010;9636368404;S
20240219;101947;198.300000000;20;9636368405;S
20240219;101947;198.300000000;250;9636368460;S
20240219;101952;198.300000000;60;9636369789;S
20240219;101953;198.400000000;100;9636370019;B
20240219;101955;198.380000000;10;9636370386;B
20240219;101955;198.400000000;10;9636370417;B
20240219;101955;198.300000000;100;9636370614;S
20240219;101957;198.300000000;190;9636370963;S
20240219;102002;198.300000000;270;9636372108;S
20240219;102002;198.300000000;10;9636372125;S
20240219;102003;198.300000000;1100;9636372296;S
20240219;102006;198.380000000;20;9636372970;B
20240219;102007;198.380000000;30;9636373295;B
20240219;102009;198.380000000;30;9636373491;B
20240219;102010;198.340000000;100;9636373637;B
20240219;102010;198.360000000;900;9636373638;B
20240219;102011;198.360000000;50;9636373822;B
20240219;102015;198.340000000;30;9636376466;B
20240219;102018;198.300000000;100;9636377418;S
20240219;102018;198.340000000;100;9636377432;B
20240219;102019;198.340000000;100;9636377648;S
20240219;102019;198.380000000;70;9636377659;B
20240219;102024;198.300000000;30;9636378283;S
20240219;102027;198.300000000;540;9636380492;S
20240219;102027;198.300000000;10;9636380493;S
20240219;102027;198.300000000;50;9636380494;S
20240219;102027;198.300000000;10;9636380495;S
20240219;102027;198.300000000;10;9636380496;S
20240219;102027;198.280000000;90;9636380497;S
20240219;102027;198.260000000;20;9636380498;S
20240219;102031;198.340000000;120;9636382343;B
20240219;102031;198.340000000;100;9636382344;B
20240219;102031;198.360000000;270;9636382345;B
20240219;102031;198.360000000;10;9636382346;S
20240219;102031;198.360000000;40;9636382370;S
20240219;102032;198.400000000;60;9636383057;B
20240219;102032;198.400000000;10;9636383058;B
20240219;102032;198.400000000;60;9636383059;B
20240219;102032;198.420000000;200;9636383060;B
20240219;102032;198.380000000;270;9636383746;S
20240219;102032;198.360000000;500;9636384319;S
20240219;102037;198.400000000;20;9636385995;B
20240219;102038;198.360000000;100;9636387351;S
20240219;102038;198.400000000;10;9636387384;B
20240219;102040;198.360000000;20;9636387823;S
20240219;102041;198.400000000;10;9636388069;B
20240219;102043;198.380000000;10;9636390122;B
20240219;102044;198.380000000;10;9636390339;B
20240219;102046;198.360000000;550;9636391619;S
20240219;102046;198.360000000;1290;9636391747;S
20240219;102046;198.360000000;10;9636391748;S
20240219;102047;198.340000000;20;9636391908;B
20240219;102049;198.300000000;10;9636392769;S
20240219;102052;198.340000000;30;9636393589;B
20240219;102054;198.340000000;400;9636394878;B
20240219;102054;198.340000000;10;9636395036;B
20240219;102055;198.340000000;10;9636396052;B
20240219;102058;198.340000000;80;9636397000;B
20240219;102059;198.360000000;50;9636397644;B
20240219;102102;198.340000000;20;9636398577;S
20240219;102102;198.300000000;10;9636398578;S
20240219;102102;198.300000000;230;9636398579;S
20240219;102102;198.360000000;70;9636398652;B
20240219;102103;198.360000000;330;9636398809;B
20240219;102105;198.360000000;30;9636399654;B
20240219;102105;198.320000000;30;9636399662;S
20240219;102105;198.360000000;10;9636399740;B
20240219;102107;198.300000000;2730;9636401046;S
20240219;102107;198.300000000;270;9636401047;S
20240219;102110;198.360000000;210;9636401886;B
20240219;102110;198.360000000;100;9636401887;B
20240219;102110;198.380000000;10;9636401888;B
20240219;102110;198.380000000;140;9636401889;B
20240219;102110;198.380000000;510;9636401890;B
20240219;102110;198.400000000;10;9636401891;B
20240219;102110;198.400000000;280;9636401892;B
20240219;102115;198.420000000;190;9636403145;B
20240219;102115;198.420000000;100;9636403146;B
20240219;102115;198.440000000;280;9636403147;B
20240219;102117;198.440000000;10;9636404692;B
20240219;102117;198.440000000;10;9636404722;B
20240219;102117;198.440000000;20;9636404749;B
20240219;102118;198.440000000;10;9636404992;B
20240219;102118;198.440000000;10;9636405004;B
20240219;102118;198.440000000;10;9636405047;B
20240219;102118;198.440000000;10;9636405088;B
20240219;102118;198.440000000;10;9636405142;B
20240219;102118;198.440000000;10;9636405317;B
20240219;102118;198.440000000;10;9636405421;B
20240219;102119;198.440000000;10;9636405735;B
20240219;102119;198.440000000;10;9636405758;B
20240219;102119;198.440000000;10;9636405789;B
20240219;102119;198.440000000;10;9636405837;B
20240219;102119;198.440000000;10;9636405873;B
20240219;102119;198.440000000;10;9636405903;B
20240219;102119;198.440000000;10;9636405937;B
20240219;102119;198.440000000;20;9636405942;B
20240219;102119;198.440000000;20;9636406034;B
20240219;102119;198.440000000;20;9636406062;B
20240219;102120;198.440000000;20;9636406107;B
20240219;102120;198.440000000;10;9636406155;B
20240219;102120;198.440000000;20;9636406165;B
20240219;102124;198.360000000;100;9636408423;S
20240219;102126;198.360000000;40;9636408901;S
20240219;102126;198.360000000;10;9636408902;S
20240219;102126;198.340000000;10;9636408903;S
20240219;102126;198.340000000;100;9636408904;S
20240219;102126;198.320000000;500;9636408905;S
20240219;102126;198.300000000;10;9636408906;S
20240219;102126;198.300000000;100;9636408907;S
20240219;102130;198.420000000;300;9636411304;B
20240219;102130;198.420000000;70;9636411521;B
20240219;102132;198.300000000;40;9636412232;S
20240219;102132;198.300000000;100;9636412233;S
20240219;102132;198.300000000;50;9636412234;S
20240219;102132;198.300000000;80;9636412235;S
20240219;102132;198.260000000;20;9636412279;S
20240219;102132;198.260000000;20;9636412384;S
20240219;102132;198.260000000;20;9636412403;S
20240219;102132;198.260000000;10;9636412434;S
20240219;102132;198.260000000;10;9636412468;S
20240219;102133;198.420000000;100;9636412521;B
20240219;102138;198.420000000;10;9636414594;B
20240219;102138;198.420000000;10;9636414652;B
20240219;102141;198.420000000;70;9636415592;B
20240219;102141;198.420000000;80;9636415593;B
20240219;102141;198.420000000;20;9636415612;B
20240219;102141;198.440000000;310;9636415613;B
20240219;102145;198.420000000;70;9636417461;B
20240219;102145;198.420000000;90;9636417462;B
20240219;102145;198.440000000;120;9636417463;B
20240219;102145;198.440000000;220;9636417464;B
20240219;102148;198.360000000;80;9636418485;S
20240219;102148;198.360000000;100;9636418533;B
20240219;102157;198.260000000;90;9636422124;S
20240219;102157;198.240000000;70;9636422125;S
20240219;102157;198.240000000;10;9636422126;S
20240219;102157;198.240000000;320;9636422127;S
20240219;102157;198.220000000;1000;9636422128;S
20240219;102157;198.180000000;410;9636422129;S
20240219;102157;198.180000000;1110;9636422130;S
20240219;102201;198.180000000;30;9636424132;S
20240219;102201;198.160000000;10;9636424133;S
20240219;102201;198.280000000;200;9636424139;B
20240219;102202;198.160000000;40;9636424345;S
20240219;102202;198.140000000;90;9636424346;S
20240219;102202;198.120000000;100;9636424347;S
20240219;102202;198.120000000;40;9636424348;S
20240219;102204;198.240000000;10;9636424840;B
20240219;102205;198.240000000;320;9636425337;B
20240219;102206;198.260000000;50;9636425524;B
20240219;102208;198.260000000;10;9636427113;B
20240219;102208;198.280000000;10;9636427114;B
20240219;102210;198.120000000;10;9636428528;S
20240219;102210;198.120000000;10;9636428529;S
20240219;102210;198.100000000;200;9636428530;S
20240219;102210;198.100000000;10;9636428531;S
20240219;102210;198.100000000;20;9636428532;S
20240219;102210;198.100000000;500;9636428533;S
20240219;102210;198.100000000;10;9636428534;S
20240219;102210;198.080000000;10;9636428535;S
20240219;102210;198.080000000;10;9636428536;S
20240219;102210;198.060000000;20;9636428537;S
20240219;102210;198.060000000;500;9636428538;S
20240219;102210;198.040000000;20;9636428539;S
20240219;102210;198.020000000;10;9636428540;S
20240219;102210;198.020000000;150;9636428541;S
20240219;102210;198.020000000;100;9636428542;S
20240219;102210;198.020000000;1510;9636428543;S
20240219;102210;198.000000000;30;9636428544;S
20240219;102210;198.000000000;20;9636428545;S
20240219;102210;198.000000000;10;9636428546;S
20240219;102210;198.000000000;10;9636428547;S
20240219;102210;198.000000000;10;9636428548;S
20240219;102210;198.000000000;10;9636428549;S
20240219;102210;198.000000000;30;9636428550;S
20240219;102210;198.000000000;10;9636428551;S
20240219;102210;198.000000000;10;9636428552;S
20240219;102210;198.000000000;10;9636428553;S
20240219;102210;198.000000000;10;9636428554;S
20240219;102210;198.000000000;100;9636428555;S
20240219;102210;198.000000000;500;9636428556;S
20240219;102210;198.000000000;10;9636428557;S
20240219;102210;198.000000000;10;9636428558;S
20240219;102210;198.000000000;10;9636428559;S
20240219;102210;198.000000000;50;9636428560;S
20240219;102210;198.000000000;2280;9636428561;S
20240219;102210;198.000000000;10;9636428562;S
20240219;102210;198.000000000;150;9636428563;S
20240219;102210;198.000000000;1260;9636428564;S
20240219;102210;197.960000000;100;9636428565;S
20240219;102210;197.960000000;100;9636428566;S
20240219;102210;197.960000000;50;9636428567;S
20240219;102210;197.940000000;40;9636428568;S
20240219;102210;197.940000000;30;9636428569;S
20240219;102210;197.940000000;500;9636428570;S
20240219;102210;197.920000000;10;9636428571;S
20240219;102210;197.920000000;10;9636428572;S
20240219;102210;197.900000000;10;9636428573;S
20240219;102210;197.880000000;20;9636428574;S
20240219;102210;197.880000000;230;9636428575;S
20240219;102210;197.860000000;10;9636428576;S
20240219;102210;197.860000000;510;9636428577;S
20240219;102210;197.860000000;500;9636428578;S
20240219;102210;197.840000000;200;9636428579;S
20240219;102210;197.820000000;50;9636428580;S
20240219;102210;197.940000000;320;9636428597;B
20240219;102210;197.960000000;10;9636428625;S
20240219;102211;197.960000000;50;9636428683;S
20240219;102211;198.000000000;10;9636428950;S
20240219;102211;197.960000000;220;9636428951;S
20240219;102211;197.980000000;2140;9636428959;B
20240219;102211;197.980000000;180;9636428960;B
20240219;102211;197.980000000;2680;9636428961;B
20240219;102211;198.000000000;500;9636428973;S
20240219;102213;198.120000000;10;9636429348;B
20240219;102217;198.120000000;10;9636430212;B
20240219;102217;198.120000000;10;9636430244;B
20240219;102218;198.120000000;20;9636430933;B
20240219;102218;198.140000000;300;9636431036;B
20240219;102218;198.140000000;30;9636431037;B
20240219;102220;198.160000000;200;9636431928;B
20240219;102220;198.180000000;300;9636431929;B
20240219;102220;198.020000000;10;9636432134;S
20240219;102220;198.020000000;10;9636432172;S
20240219;102226;198.040000000;10;9636435264;S
20240219;102227;198.200000000;50;9636435374;B
20240219;102227;198.200000000;320;9636435375;B
20240219;102227;198.220000000;10;9636435700;B
20240219;102229;198.220000000;10;9636436662;B
20240219;102232;198.100000000;20;9636438295;S
20240219;102232;198.060000000;50;9636438296;S
20240219;102232;198.060000000;90;9636438297;S
20240219;102232;198.040000000;70;9636438298;S
20240219;102232;198.040000000;30;9636438299;S
20240219;102233;198.000000000;10;9636439102;S
20240219;102234;198.160000000;20;9636439879;B
20240219;102234;198.160000000;500;9636439880;B
20240219;102234;198.200000000;380;9636439881;B
20240219;102236;198.140000000;20;9636440505;B
20240219;102237;198.100000000;70;9636440991;S
20240219;102238;198.140000000;40;9636441151;B
20240219;102239;198.140000000;10;9636441820;B
20240219;102239;198.180000000;40;9636441821;B
20240219;102239;198.100000000;150;9636442081;S
20240219;102242;198.100000000;140;9636443432;S
20240219;102242;198.060000000;10;9636443433;S
20240219;102242;198.060000000;80;9636443434;S
20240219;102242;198.040000000;200;9636443435;S
20240219;102242;198.020000000;390;9636443436;S
20240219;102242;198.020000000;180;9636443437;S
20240219;102245;198.140000000;10;9636445015;B
20240219;102245;198.160000000;10;9636445070;B
20240219;102245;198.160000000;10;9636445124;B
20240219;102245;198.160000000;10;9636445174;B
20240219;102246;198.160000000;10;9636445616;B
20240219;102247;198.160000000;10;9636445718;B
20240219;102248;198.140000000;10;9636445803;B
20240219;102248;198.160000000;80;9636445804;B
20240219;102248;198.160000000;80;9636445805;B
20240219;102248;198.180000000;160;9636445806;B
20240219;102248;198.180000000;20;9636445808;B
20240219;102251;198.120000000;450;9636446751;S
20240219;102252;198.180000000;10;9636446972;B
20240219;102258;198.200000000;10;9636450431;B
20240219;102302;198.140000000;270;9636451851;S
20240219;102307;198.200000000;10;9636453862;B
20240219;102309;198.200000000;300;9636454715;B
20240219;102309;198.200000000;80;9636454909;B
20240219;102309;198.200000000;220;9636454910;B
20240219;102310;198.220000000;330;9636455277;B
20240219;102312;198.220000000;170;9636455650;B
20240219;102312;198.240000000;130;9636455651;B
20240219;102312;198.260000000;300;9636455786;B
20240219;102313;198.320000000;20;9636456019;B
20240219;102316;198.260000000;10;9636457441;S
20240219;102317;198.320000000;50;9636458200;B
20240219;102323;198.320000000;20;9636460313;B
20240219;102327;198.320000000;10;9636461765;B
20240219;102327;198.340000000;40;9636461921;B
20240219;102327;198.360000000;20;9636461925;B
20240219;102328;198.400000000;20;9636462025;B
20240219;102328;198.400000000;20;9636462026;B
20240219;102328;198.400000000;80;9636462027;B
20240219;102328;198.420000000;70;9636462028;B
20240219;102328;198.420000000;10;9636462040;B
20240219;102328;198.420000000;150;9636462058;B
20240219;102328;198.360000000;300;9636462398;S
20240219;102328;198.420000000;10;9636462403;B
20240219;102330;198.420000000;70;9636462752;B
20240219;102330;198.440000000;60;9636462753;B
20240219;102330;198.440000000;20;9636462754;B
20240219;102330;198.440000000;1260;9636462755;B
20240219;102330;198.440000000;80;9636462756;B
20240219;102330;198.440000000;250;9636462757;B
20240219;102331;198.420000000;70;9636463889;B
20240219;102331;198.440000000;30;9636463890;B
20240219;102331;198.460000000;70;9636463891;B
20240219;102331;198.460000000;150;9636463892;B
20240219;102332;198.360000000;270;9636464035;S
20240219;102333;198.360000000;310;9636464184;S
20240219;102334;198.420000000;10;9636464348;B
20240219;102337;198.420000000;10;9636465680;B
20240219;102342;198.420000000;50;9636467002;B
20240219;102342;198.440000000;140;9636467003;B
20240219;102342;198.440000000;10;9636467004;B
20240219;102343;198.420000000;20;9636467131;B
20240219;102347;198.420000000;30;9636469575;B
20240219;102348;198.420000000;20;9636469664;B
20240219;102348;198.420000000;50;9636469665;B
20240219;102348;198.440000000;1260;9636469666;B
20240219;102348;198.440000000;80;9636469667;B
20240219;102348;198.500000000;10;9636469668;B
20240219;102348;198.560000000;580;9636469669;B
20240219;102349;198.420000000;70;9636469949;B
20240219;102351;198.420000000;70;9636470654;B
20240219;102351;198.520000000;260;9636470655;B
20240219;102351;198.380000000;30;9636470690;S
20240219;102351;198.420000000;40;9636470784;B
20240219;102351;198.520000000;1000;9636470830;B
20240219;102351;198.520000000;20;9636470831;B
20240219;102351;198.560000000;20;9636470832;B
20240219;102351;198.560000000;500;9636470833;B
20240219;102351;198.580000000;1820;9636470834;B
20240219;102351;198.600000000;500;9636470835;B
20240219;102351;198.640000000;450;9636470836;B
20240219;102351;198.660000000;200;9636470837;B
20240219;102351;198.660000000;70;9636470838;B
20240219;102351;198.680000000;970;9636470839;B
20240219;102352;198.620000000;400;9636470840;B
20240219;102352;198.600000000;810;9636470841;B
20240219;102352;198.620000000;190;9636470842;B
20240219;102352;198.660000000;1000;9636470843;B
20240219;102352;198.660000000;250;9636470844;B
20240219;102352;198.680000000;750;9636470845;B
20240219;102353;198.640000000;10;9636472194;B
20240219;102402;198.600000000;10;9636475158;S
20240219;102402;198.560000000;260;9636475159;S
20240219;102403;198.660000000;10;9636475294;B
20240219;102404;198.660000000;10;9636475726;B
20240219;102405;198.660000000;10;9636476058;B
20240219;102412;198.640000000;20;9636478852;B
20240219;102418;198.640000000;10;9636481371;B
20240219;102418;198.660000000;10;9636481372;B
20240219;102418;198.540000000;150;9636481409;S
20240219;102419;198.540000000;50;9636481736;S
20240219;102424;198.660000000;80;9636482912;B
20240219;102424;198.680000000;20;9636482913;B
20240219;102424;198.600000000;10;9636482947;S
20240219;102424;198.560000000;10;9636482948;S
20240219;102424;198.540000000;230;9636482949;S
20240219;102426;198.520000000;10;9636483639;S
20240219;102432;198.540000000;260;9636486788;S
20240219;102436;198.680000000;490;9636488372;B
20240219;102436;198.680000000;100;9636488373;B
20240219;102436;198.680000000;160;9636488374;B
20240219;102441;198.520000000;30;9636490734;S
20240219;102449;198.680000000;10;9636493841;B
20240219;102450;198.680000000;150;9636494839;B
20240219;102457;198.680000000;80;9636497573;B
20240219;102502;198.540000000;10;9636499943;S
20240219;102502;198.540000000;260;9636499944;S
20240219;102510;198.660000000;10;9636502776;B
20240219;102513;198.660000000;20;9636504456;B
20240219;102516;198.680000000;10;9636505390;B
20240219;102520;198.580000000;100;9636506917;S
20240219;102521;198.660000000;10;9636507441;B
20240219;102521;198.660000000;10;9636507481;B
20240219;102528;198.620000000;50;9636510501;B
20240219;102530;198.560000000;60;9636510687;S
20240219;102530;198.520000000;30;9636510688;S
20240219;102530;198.520000000;10;9636510689;S
20240219;102530;198.520000000;10;9636510690;S
20240219;102530;198.520000000;300;9636510691;S
20240219;102530;198.500000000;500;9636510692;S
20240219;102530;198.480000000;150;9636510693;S
20240219;102530;198.460000000;60;9636510694;S
20240219;102532;198.520000000;270;9636511585;S
20240219;102544;198.560000000;10;9636516375;B
20240219;102544;198.560000000;40;9636516376;B
20240219;102546;198.520000000;10;9636517192;S
20240219;102550;198.580000000;10;9636519421;B
20240219;102553;198.580000000;20;9636520174;B
20240219;102556;198.560000000;120;9636522143;B
20240219;102601;198.620000000;80;9636523783;B
20240219;102602;198.520000000;270;9636524373;S
20240219;102617;198.520000000;20;9636531299;S
20240219;102617;198.520000000;130;9636531321;S
20240219;102618;198.520000000;10;9636531713;S
20240219;102620;198.520000000;290;9636532009;S
20240219;102620;198.520000000;10;9636532010;S
20240219;102620;198.520000000;200;9636532011;S
20240219;102626;198.520000000;10;9636534451;S
20240219;102631;198.540000000;890;9636536797;B
20240219;102631;198.540000000;890;9636536808;B
20240219;102631;198.540000000;1220;9636536811;B
20240219;102632;198.620000000;20;9636537582;B
20240219;102632;198.620000000;150;9636537702;B
20240219;102632;198.620000000;80;9636537703;B
20240219;102632;198.640000000;70;9636537704;B
20240219;102632;198.660000000;50;9636537705;B
20240219;102632;198.660000000;150;9636537706;B
20240219;102632;198.560000000;260;9636537710;S
20240219;102637;198.660000000;10;9636539362;B
20240219;102638;198.560000000;10;9636539922;S
20240219;102639;198.660000000;10;9636540195;B
20240219;102640;198.660000000;10;9636541266;B
20240219;102640;198.660000000;10;9636541797;B
20240219;102642;198.580000000;300;9636542552;S
20240219;102653;198.600000000;30;9636546709;S
20240219;102702;198.600000000;250;9636549622;B
20240219;102702;198.580000000;80;9636549717;S
20240219;102702;198.560000000;190;9636549718;S
20240219;102704;198.600000000;100;9636550455;B
20240219;102708;198.600000000;50;9636552254;B
20240219;102715;198.600000000;10;9636553360;B
20240219;102722;198.600000000;30;9636554813;B
20240219;102730;198.600000000;500;9636556012;B
20240219;102732;198.600000000;200;9636556386;B
20240219;102732;198.600000000;70;9636556387;B
20240219;102732;198.600000000;10;9636556388;B
20240219;102732;198.620000000;80;9636556389;B
20240219;102732;198.640000000;140;9636556390;B
20240219;102732;198.540000000;120;9636556456;S
20240219;102732;198.520000000;10;9636556457;S
20240219;102732;198.520000000;140;9636556458;S
20240219;102736;198.520000000;300;9636557052;S
20240219;102738;198.520000000;30;9636557416;S
20240219;102738;198.520000000;270;9636557447;S
20240219;102743;198.540000000;50;9636558229;S
20240219;102743;198.620000000;10;9636558322;B
20240219;102759;198.640000000;150;9636560825;B
20240219;102802;198.580000000;30;9636561436;S
20240219;102802;198.580000000;80;9636561437;S
20240219;102802;198.560000000;160;9636561438;S
20240219;102803;198.660000000;700;9636561483;B
20240219;102807;198.580000000;20;9636562240;S
20240219;102807;198.580000000;80;9636562241;S
20240219;102807;198.560000000;200;9636562242;S
20240219;102807;198.640000000;20;9636562342;B
20240219;102810;198.640000000;130;9636562766;B
20240219;102810;198.660000000;70;9636562767;B
20240219;102810;198.560000000;10;9636562846;S
20240219;102818;198.600000000;10;9636563999;B
20240219;102831;198.660000000;10;9636565898;B
20240219;102833;198.600000000;260;9636566295;S
20240219;102835;198.660000000;10;9636566642;B
20240219;102849;198.580000000;350;9636568831;S
20240219;102853;198.600000000;80;9636569376;S
20240219;102853;198.580000000;10;9636569377;S
20240219;102858;198.640000000;20;9636570067;B
20240219;102903;198.600000000;270;9636570654;S
20240219;102907;198.640000000;10;9636571362;B
20240219;102907;198.640000000;20;9636571363;B
20240219;102908;198.640000000;10;9636571453;B
20240219;102908;198.640000000;20;9636571515;B
20240219;102908;198.660000000;180;9636571516;B
20240219;102911;198.660000000;840;9636571937;B
20240219;102912;198.620000000;10;9636572162;S
20240219;102913;198.620000000;10;9636572232;S
20240219;102913;198.620000000;90;9636572233;S
20240219;102913;198.680000000;10;9636572234;B
20240219;102917;198.620000000;70;9636572905;S
20240219;102917;198.620000000;70;9636572906;S
20240219;102917;198.620000000;80;9636572907;S
20240219;102917;198.600000000;510;9636572908;S
20240219;102917;198.600000000;1260;9636572909;S
20240219;102922;198.680000000;10;9636573541;B
20240219;102924;198.640000000;890;9636573720;S
20240219;102924;198.640000000;80;9636573721;S
20240219;102924;198.620000000;500;9636573722;S
20240219;102924;198.620000000;10;9636573723;S
20240219;102924;198.600000000;1820;9636573724;S
20240219;102924;198.600000000;510;9636573725;S
20240219;102924;198.580000000;10;9636573726;S
20240219;102924;198.580000000;2000;9636573727;S
20240219;102924;198.580000000;700;9636573728;S
20240219;102924;198.560000000;1510;9636573729;S
20240219;102924;198.540000000;2130;9636573730;S
20240219;102924;198.540000000;1250;9636573731;S
20240219;102924;198.500000000;500;9636573732;S
20240219;102924;198.500000000;10;9636573733;S
20240219;102924;198.420000000;2200;9636573734;S
20240219;102924;198.400000000;5000;9636573735;S
20240219;102924;198.400000000;30;9636573736;S
20240219;102924;198.400000000;500;9636573737;S
20240219;102924;198.360000000;50;9636573738;S
20240219;102924;198.320000000;40;9636573739;S
20240219;102924;198.320000000;20;9636573740;S
20240219;102924;198.320000000;1470;9636573741;S
20240219;102924;198.300000000;1750;9636573742;S
20240219;102924;198.240000000;1760;9636573743;S
20240219;102924;198.220000000;70;9636573744;S
20240219;102924;198.220000000;5000;9636573745;S
20240219;102924;198.200000000;3190;9636573746;S
20240219;102924;198.560000000;20;9636573844;B
20240219;102926;198.420000000;510;9636574178;S
20240219;102926;198.420000000;90;9636574179;S
20240219;102928;198.400000000;10;9636574596;S
20240219;102928;198.420000000;10;9636574612;S
20240219;102929;198.360000000;530;9636574759;S
20240219;102929;198.360000000;280;9636574825;S
20240219;102933;198.340000000;60;9636575300;S
20240219;102933;198.320000000;210;9636575301;S
20240219;102934;198.440000000;40;9636575476;B
20240219;102935;198.300000000;30;9636575569;S
20240219;102945;198.440000000;10;9636577027;B
20240219;102952;198.440000000;10;9636577978;B
20240219;102955;198.320000000;510;9636578438;S
20240219;102955;198.300000000;1000;9636578439;S
20240219;102955;198.300000000;500;9636578440;S
20240219;102955;198.280000000;1260;9636578441;S
20240219;102955;198.280000000;40;9636578442;S
20240219;102955;198.260000000;300;9636578443;S
20240219;102955;198.200000000;40;9636578444;S
20240219;102955;198.180000000;10;9636578445;S
20240219;102955;198.160000000;130;9636578446;S
20240219;102955;198.160000000;50;9636578447;S
20240219;102955;198.160000000;10;9636578448;S
20240219;102955;198.140000000;10;9636578449;S
20240219;102955;198.140000000;130;9636578450;S
20240219;102955;198.140000000;1510;9636578451;S
20240219;102955;198.140000000;5000;9636578452;S
20240219;102955;198.120000000;550;9636578453;S
20240219;102955;198.100000000;10;9636578454;S
20240219;102955;198.100000000;2300;9636578455;S
20240219;102955;198.040000000;300;9636578456;S
20240219;102955;198.040000000;130;9636578457;S
20240219;102955;198.020000000;1820;9636578458;S
20240219;102955;198.020000000;150;9636578459;S
20240219;102955;198.000000000;20;9636578460;S
20240219;102955;198.000000000;40;9636578461;S
20240219;102955;198.000000000;10;9636578462;S
20240219;102955;198.000000000;40;9636578463;S
20240219;102955;198.000000000;10;9636578464;S
20240219;102955;198.000000000;10;9636578465;S
20240219;102955;198.000000000;150;9636578466;S
20240219;102955;198.000000000;30;9636578467;S
20240219;102955;198.000000000;10;9636578468;S
20240219;102955;197.980000000;10;9636578469;S
20240219;102955;197.980000000;50;9636578470;S
20240219;102955;197.980000000;5000;9636578471;S
20240219;102955;197.960000000;50;9636578472;S
20240219;102955;197.940000000;10;9636578473;S
20240219;102955;197.940000000;20;9636578474;S
20240219;102955;197.940000000;780;9636578475;S
20240219;102959;198.240000000;10;9636579268;B
20240219;103003;198.200000000;150;9636579766;S
20240219;103003;198.180000000;120;9636579767;S
20240219;103003;198.220000000;700;9636579859;B
20240219;103005;198.240000000;30;9636580103;B
20240219;103009;198.240000000;20;9636581037;S
20240219;103009;198.260000000;50;9636581039;B
20240219;103009;198.320000000;10;9636581053;B
20240219;103013;198.320000000;10;9636581663;B
20240219;103013;198.320000000;10;9636581667;B
20240219;103016;198.260000000;10;9636582069;S
20240219;103016;198.260000000;140;9636582070;S
20240219;103018;198.220000000;10;9636582347;S
20240219;103024;198.200000000;140;9636583042;B
20240219;103025;198.200000000;40;9636583259;B
20240219;103027;198.200000000;10;9636583526;B
20240219;103029;198.200000000;30;9636583852;B
20240219;103030;198.160000000;30;9636583913;S
20240219;103033;198.160000000;260;9636584277;S
20240219;103034;198.200000000;10;9636584392;B
20240219;103034;198.200000000;10;9636584393;B
20240219;103039;198.200000000;190;9636585051;B
20240219;103039;198.200000000;10;9636585057;B
20240219;103039;198.200000000;10;9636585069;B
20240219;103039;198.200000000;90;9636585075;B
20240219;103039;198.200000000;20;9636585076;B
20240219;103039;198.220000000;150;9636585126;B
20240219;103039;198.220000000;10;9636585134;B
20240219;103040;198.220000000;10;9636585207;B
20240219;103041;198.200000000;1000;9636585359;S
20240219;103043;198.200000000;10;9636585534;S
20240219;103044;198.220000000;30;9636585693;B
20240219;103044;198.220000000;60;9636585699;B
20240219;103046;198.200000000;10;9636585886;B
20240219;103046;198.200000000;30;9636585887;B
20240219;103047;198.200000000;290;9636586029;B
20240219;103050;198.220000000;80;9636586437;B
20240219;103051;198.220000000;50;9636586507;B
20240219;103051;198.200000000;10;9636586612;S
20240219;103051;198.200000000;90;9636586613;S
20240219;103052;198.220000000;100;9636586619;B
20240219;103052;198.220000000;10;9636586651;B
20240219;103053;198.180000000;10;9636586762;S
20240219;103054;198.180000000;10;9636586909;S
20240219;103054;198.200000000;160;9636586910;B
20240219;103054;198.200000000;1260;9636586915;B
20240219;103055;198.160000000;10;9636587140;S
20240219;103056;198.160000000;10;9636587352;S
20240219;103057;198.160000000;10;9636587648;S
20240219;103057;198.200000000;30;9636587787;B
20240219;103058;198.200000000;10;9636587796;B
20240219;103058;198.160000000;10;9636587814;S
20240219;103059;198.180000000;10;9636587926;S
20240219;103100;198.160000000;10;9636588066;S
20240219;103101;198.160000000;10;9636588236;S
20240219;103101;198.200000000;30;9636588243;B
20240219;103102;198.160000000;10;9636588458;S
20240219;103103;198.160000000;270;9636588574;S
20240219;103103;198.160000000;10;9636588659;S
20240219;103103;198.180000000;10;9636588669;B
20240219;103107;198.180000000;40;9636589319;S
20240219;103108;198.200000000;50;9636589456;B
20240219;103112;198.180000000;290;9636590043;S
20240219;103113;198.200000000;20;9636590180;B
20240219;103114;198.200000000;20;9636590390;B
20240219;103115;198.200000000;20;9636590485;B
20240219;103123;198.180000000;70;9636591569;S
20240219;103123;198.180000000;20;9636591616;S
20240219;103123;198.180000000;10;9636591617;S
20240219;103123;198.180000000;20;9636591700;S
20240219;103123;198.180000000;90;9636591724;S
20240219;103124;198.180000000;20;9636591820;S
20240219;103124;198.160000000;40;9636591821;S
20240219;103124;198.160000000;40;9636591826;S
20240219;103133;198.160000000;270;9636593147;S
20240219;103136;198.160000000;10;9636593635;S
20240219;103136;198.160000000;450;9636593716;S
20240219;103136;198.160000000;190;9636593736;S
20240219;103136;198.160000000;320;9636593737;S
20240219;103136;198.140000000;20;9636593738;S
20240219;103136;198.140000000;300;9636593739;S
20240219;103139;198.100000000;10;9636594351;S
20240219;103139;198.080000000;50;9636594352;S
20240219;103139;198.080000000;140;9636594353;S
20240219;103141;198.120000000;110;9636594512;B
20240219;103141;198.140000000;830;9636594513;B
20240219;103153;198.080000000;20;9636596215;S
20240219;103153;198.080000000;10;9636596234;S
20240219;103203;198.040000000;270;9636597630;S
20240219;103204;198.020000000;10;9636597725;S
20240219;103204;198.000000000;10;9636597726;S
20240219;103204;198.000000000;110;9636597727;S
20240219;103204;198.000000000;170;9636597728;S
20240219;103206;198.000000000;10;9636598127;S
20240219;103215;198.000000000;320;9636600015;S
20240219;103215;198.000000000;270;9636600016;S
20240219;103215;197.980000000;550;9636600017;S
20240219;103219;197.980000000;180;9636600552;S
20240219;103219;197.980000000;110;9636600553;S
20240219;103223;197.960000000;70;9636601270;S
20240219;103225;198.000000000;150;9636601778;B
20240219;103228;198.000000000;10;9636602434;B
20240219;103233;197.960000000;260;9636604096;S
20240219;103243;197.940000000;10;9636606017;S
20240219;103243;197.940000000;2000;9636606018;S
20240219;103243;197.940000000;510;9636606019;S
20240219;103247;197.920000000;300;9636606541;S
20240219;103247;197.900000000;40;9636606542;S
20240219;103247;197.900000000;230;9636606543;S
20240219;103248;197.980000000;10;9636606703;B
20240219;103249;197.980000000;20;9636606793;S
20240219;103255;197.980000000;10;9636607921;S
