<DATE>;<TIME>;<LAST>;<VOL>;<ID>;<OPER>
20240221;095949;190.320000000;10;9672772288;S
20240221;095949;190.320000000;10;9672772289;S
20240221;095949;190.320000000;250;9672772290;B
20240221;095949;190.320000000;10;9672772291;B
20240221;095949;190.320000000;10;9672772292;B
20240221;095949;190.320000000;30;9672772293;S
20240221;095949;190.320000000;20;9672772294;S
20240221;095949;190.320000000;20;9672772295;S
20240221;095949;190.320000000;220;9672772296;S
20240221;095949;190.320000000;160;9672772297;S
20240221;095949;190.320000000;20;9672772298;B
20240221;095949;190.320000000;30;9672772299;B
20240221;095949;190.320000000;70;9672772300;B
20240221;095949;190.320000000;10;9672772301;B
20240221;095949;190.320000000;10;9672772302;B
20240221;095949;190.320000000;50;9672772303;B
20240221;095949;190.320000000;20;9672772304;S
20240221;095949;190.320000000;50;9672772305;B
20240221;095949;190.320000000;40;9672772306;B
20240221;095949;190.320000000;50;9672772307;S
20240221;095949;190.320000000;10;9672772308;S
20240221;095949;190.320000000;10;9672772309;S
20240221;095949;190.320000000;50;9672772310;S
20240221;095949;190.320000000;30;9672772311;S
20240221;095949;190.320000000;20;9672772312;S
20240221;095949;190.320000000;30;9672772313;S
20240221;095949;190.320000000;60;9672772314;S
20240221;095949;190.320000000;10;9672772315;S
20240221;095949;190.320000000;30;9672772316;S
20240221;095949;190.320000000;30;9672772317;S
20240221;095949;190.320000000;10;9672772318;B
20240221;095949;190.320000000;160;9672772319;B
20240221;095949;190.320000000;110;9672772320;S
20240221;095949;190.320000000;10;9672772321;S
20240221;095949;190.320000000;40;9672772322;S
20240221;095949;190.320000000;100;9672772323;B
20240221;095949;190.320000000;250;9672772324;B
20240221;095949;190.320000000;40;9672772325;S
20240221;095949;190.320000000;40;9672772326;S
20240221;095949;190.320000000;420;9672772327;S
20240221;095949;190.320000000;10;9672772328;S
20240221;095949;190.320000000;20;9672772329;B
20240221;095949;190.320000000;20;9672772330;S
20240221;095949;190.320000000;50;9672772331;B
20240221;095949;190.320000000;20;9672772332;S
20240221;095949;190.320000000;10;9672772333;S
20240221;095949;190.320000000;10;9672772334;S
20240221;095949;190.320000000;30;9672772335;S
20240221;095949;190.320000000;10;9672772336;S
20240221;095949;190.320000000;20;9672772337;S
20240221;095949;190.320000000;10;9672772338;S
20240221;095949;190.320000000;100;9672772339;S
20240221;095949;190.320000000;10;9672772340;S
20240221;095949;190.320000000;20;9672772341;B
20240221;095949;190.320000000;10;9672772342;B
20240221;095949;190.320000000;30;9672772343;B
20240221;100000;190.340000000;300;9672777426;S
20240221;100001;190.360000000;500;9672777618;S
20240221;100001;190.380000000;500;9672777682;S
20240221;100001;190.500000000;40;9672777764;B
20240221;100001;190.500000000;100;9672777765;B
20240221;100001;190.500000000;50;9672777766;B
20240221;100002;190.600000000;10;9672779388;B
20240221;100002;190.420000000;600;9672779547;S
20240221;100002;190.420000000;440;9672779553;S
20240221;100002;190.420000000;60;9672779554;S
20240221;100002;190.360000000;10;9672779555;S
20240221;100002;190.360000000;10;9672779556;S
20240221;100002;190.340000000;680;9672779557;S
20240221;100002;190.560000000;70;9672779773;B
20240221;100002;190.560000000;70;9672779791;S
20240221;100002;190.360000000;200;9672779851;S
20240221;100002;190.380000000;270;9672779906;S
20240221;100002;190.360000000;330;9672779907;S
20240221;100002;190.360000000;60;9672779916;S
20240221;100002;190.360000000;30;9672780024;S
20240221;100002;190.360000000;380;9672780058;S
20240221;100002;190.340000000;60;9672780059;S
20240221;100002;190.320000000;940;9672780060;S
20240221;100002;190.280000000;1200;9672780061;S
20240221;100002;190.260000000;100;9672780062;S
20240221;100002;190.240000000;450;9672780063;S
20240221;100002;190.260000000;200;9672780068;S
20240221;100002;190.220000000;30;9672780069;S
20240221;100002;190.220000000;50;9672780070;S
20240221;100002;190.200000000;1000;9672780071;S
20240221;100002;190.200000000;1000;9672780072;S
20240221;100002;190.100000000;10;9672780073;S
20240221;100002;190.080000000;530;9672780074;S
20240221;100002;190.060000000;310;9672780075;S
20240221;100002;190.060000000;1000;9672780076;S
20240221;100002;190.040000000;10;9672780077;S
20240221;100002;190.020000000;30;9672780078;S
20240221;100002;190.020000000;70;9672780079;S
20240221;100002;190.020000000;10;9672780080;S
20240221;100002;190.020000000;30;9672780081;S
20240221;100002;190.000000000;1000;9672780082;S
20240221;100002;190.000000000;10;9672780083;S
20240221;100002;190.000000000;10;9672780084;S
20240221;100002;190.000000000;500;9672780085;S
20240221;100002;190.000000000;30;9672780086;S
20240221;100002;190.000000000;100;9672780087;S
20240221;100002;190.000000000;330;9672780088;S
20240221;100002;190.000000000;130;9672780116;S
20240221;100002;190.100000000;200;9672780143;S
20240221;100002;190.020000000;360;9672780144;S
20240221;100002;190.020000000;400;9672780213;S
20240221;100002;190.000000000;2540;9672780214;S
20240221;100002;190.000000000;60;9672780215;S
20240221;100002;190.020000000;60;9672780272;S
20240221;100002;190.020000000;300;9672780302;S
20240221;100002;190.200000000;250;9672780438;B
20240221;100002;190.220000000;110;9672780439;B
20240221;100002;190.240000000;1310;9672780440;B
20240221;100002;190.280000000;380;9672780441;B
20240221;100002;190.280000000;40;9672780568;B
20240221;100002;190.280000000;100;9672780671;B
20240221;100003;190.180000000;20;9672781544;S
20240221;100003;190.340000000;20;9672781867;B
20240221;100004;190.340000000;30;9672782283;B
20240221;100004;190.340000000;230;9672782741;S
20240221;100004;190.340000000;360;9672783010;S
20240221;100004;190.260000000;390;9672783095;S
20240221;100004;190.240000000;100;9672783096;S
20240221;100004;190.180000000;120;9672783097;S
20240221;100004;190.200000000;370;9672783303;B
20240221;100004;190.200000000;130;9672783304;B
20240221;100004;190.180000000;130;9672783527;S
20240221;100004;190.080000000;60;9672783528;S
20240221;100004;190.040000000;200;9672783529;S
20240221;100004;190.020000000;110;9672783530;S
20240221;100004;190.020000000;50;9672783573;S
20240221;100005;190.020000000;1140;9672783682;S
20240221;100005;190.300000000;20;9672783915;S
20240221;100005;190.060000000;380;9672784175;S
20240221;100005;190.060000000;590;9672784176;S
20240221;100005;190.040000000;5000;9672784177;S
20240221;100005;190.020000000;530;9672784178;S
20240221;100005;190.000000000;440;9672784179;S
20240221;100005;190.000000000;10;9672784180;S
20240221;100005;190.000000000;20;9672784181;S
20240221;100005;190.000000000;10;9672784182;S
20240221;100005;190.000000000;50;9672784183;S
20240221;100005;190.000000000;470;9672784184;S
20240221;100005;190.020000000;20;9672784503;S
20240221;100005;190.300000000;10;9672784589;S
20240221;100005;190.020000000;510;9672784607;S
20240221;100005;190.000000000;530;9672784608;S
20240221;100005;190.000000000;10;9672784609;S
20240221;100005;190.000000000;10;9672784610;S
20240221;100005;190.000000000;30;9672784611;S
20240221;100005;190.000000000;90;9672784612;S
20240221;100005;190.260000000;10;9672784780;B
20240221;100006;190.320000000;490;9672785532;B
20240221;100006;190.200000000;10;9672786055;S
20240221;100006;190.200000000;20;9672786062;S
20240221;100006;190.200000000;10;9672786064;S
20240221;100006;190.080000000;30;9672786124;S
20240221;100006;190.060000000;530;9672786125;S
20240221;100006;190.060000000;750;9672786126;B
20240221;100006;190.060000000;80;9672786127;B
20240221;100006;190.060000000;600;9672786128;B
20240221;100006;190.140000000;90;9672786486;S
20240221;100006;190.060000000;530;9672786487;S
20240221;100006;190.040000000;360;9672786488;S
20240221;100006;190.000000000;60;9672786489;S
20240221;100006;190.000000000;10;9672786490;S
20240221;100006;190.000000000;350;9672786491;S
20240221;100006;190.000000000;50;9672786492;S
20240221;100006;190.000000000;10;9672786493;S
20240221;100006;190.000000000;10;9672786494;S
20240221;100006;190.000000000;250;9672786495;S
20240221;100006;190.000000000;10;9672786496;S
20240221;100006;190.000000000;10;9672786497;S
20240221;100006;189.980000000;10;9672786498;S
20240221;100006;189.900000000;10;9672786499;S
20240221;100006;189.900000000;10;9672786500;S
20240221;100006;189.900000000;10;9672786501;S
20240221;100006;189.880000000;10;9672786502;S
20240221;100006;189.880000000;1580;9672786503;S
20240221;100006;189.860000000;230;9672786504;S
20240221;100006;189.960000000;20;9672786576;B
20240221;100006;189.960000000;10;9672786630;B
20240221;100006;189.800000000;20;9672786890;S
20240221;100006;189.800000000;10;9672786891;S
20240221;100006;189.780000000;10;9672786892;S
20240221;100006;189.780000000;80;9672786893;S
20240221;100006;189.720000000;10;9672786894;S
20240221;100007;190.000000000;70;9672787190;S
20240221;100007;190.000000000;10;9672787342;S
20240221;100007;190.000000000;20;9672787765;S
20240221;100007;189.980000000;20;9672787797;S
20240221;100007;190.000000000;10;9672788470;S
20240221;100007;189.680000000;20;9672788471;S
20240221;100008;189.780000000;40;9672790590;S
20240221;100008;189.760000000;80;9672790591;S
20240221;100008;190.020000000;10;9672790670;B
20240221;100008;190.020000000;20;9672790674;S
20240221;100008;190.040000000;10;9672791206;B
20240221;100008;189.900000000;10;9672791345;S
20240221;100008;189.780000000;130;9672791346;S
20240221;100008;189.760000000;10;9672791347;S
20240221;100008;189.780000000;30;9672791394;S
20240221;100009;190.040000000;70;9672792268;B
20240221;100009;189.780000000;10;9672792367;S
20240221;100009;190.040000000;50;9672792578;B
20240221;100009;189.780000000;90;9672793235;S
20240221;100009;189.740000000;70;9672793236;S
20240221;100009;189.760000000;20;9672793565;S
20240221;100009;189.740000000;160;9672793566;S
20240221;100009;189.760000000;20;9672793576;S
20240221;100009;189.860000000;20;9672793949;S
20240221;100009;189.740000000;300;9672793950;S
20240221;100009;189.720000000;380;9672793951;S
20240221;100010;189.700000000;10;9672795107;S
20240221;100010;189.700000000;10;9672795108;S
20240221;100010;189.660000000;30;9672795600;S
20240221;100010;189.720000000;30;9672795937;S
20240221;100010;190.120000000;10;9672795938;B
20240221;100010;189.980000000;80;9672796221;B
20240221;100011;189.980000000;30;9672796289;B
20240221;100011;189.980000000;80;9672796316;B
20240221;100011;189.700000000;530;9672796559;S
20240221;100011;189.700000000;10;9672796560;S
20240221;100011;189.680000000;440;9672796561;S
20240221;100011;189.660000000;520;9672796562;S
20240221;100011;189.980000000;20;9672796576;B
20240221;100011;189.960000000;10;9672797154;B
20240221;100011;190.060000000;20;9672797509;B
20240221;100011;190.060000000;40;9672797510;B
20240221;100012;189.860000000;20;9672797657;S
20240221;100012;189.720000000;170;9672797658;S
20240221;100012;189.640000000;70;9672797659;S
20240221;100012;189.640000000;10;9672797660;S
20240221;100012;189.640000000;10;9672797661;S
20240221;100012;189.620000000;470;9672797662;S
20240221;100012;190.020000000;40;9672797681;B
20240221;100012;190.020000000;60;9672797685;B
20240221;100012;190.080000000;20;9672797884;B
20240221;100012;190.220000000;40;9672797885;B
20240221;100012;190.180000000;50;9672798093;B
20240221;100012;190.140000000;60;9672798169;B
20240221;100012;189.700000000;40;9672798292;S
20240221;100012;189.700000000;150;9672798293;S
20240221;100012;189.700000000;50;9672798294;S
20240221;100012;189.680000000;530;9672798295;S
20240221;100012;189.680000000;180;9672798296;S
20240221;100013;189.580000000;40;9672799197;S
20240221;100013;189.560000000;20;9672799198;S
20240221;100013;189.560000000;30;9672799199;S
20240221;100013;189.560000000;20;9672799200;S
20240221;100013;189.560000000;390;9672799201;S
20240221;100013;189.640000000;80;9672799459;S
20240221;100014;189.640000000;60;9672800026;S
20240221;100015;189.900000000;110;9672800803;B
20240221;100015;189.900000000;70;9672800958;B
20240221;100015;189.980000000;110;9672801193;B
20240221;100015;189.980000000;110;9672801317;B
20240221;100015;189.980000000;110;9672801385;B
20240221;100015;189.980000000;50;9672801415;B
20240221;100016;189.940000000;110;9672801570;B
20240221;100016;189.940000000;70;9672801634;B
20240221;100016;189.940000000;70;9672801719;B
20240221;100016;189.940000000;50;9672801804;B
20240221;100016;189.980000000;110;9672801895;B
20240221;100016;189.980000000;110;9672801933;B
20240221;100017;190.000000000;70;9672802235;B
20240221;100017;190.000000000;180;9672802311;B
20240221;100017;190.000000000;70;9672802324;B
20240221;100017;190.000000000;50;9672802400;B
20240221;100017;190.000000000;130;9672802477;B
20240221;100017;190.060000000;50;9672802478;B
20240221;100017;190.140000000;180;9672802746;B
20240221;100018;190.100000000;70;9672802910;B
20240221;100018;190.140000000;70;9672802983;B
20240221;100018;190.120000000;180;9672802984;B
20240221;100018;190.180000000;50;9672803084;B
20240221;100018;190.180000000;110;9672803192;B
20240221;100018;190.080000000;180;9672803216;B
20240221;100019;190.180000000;70;9672803438;B
20240221;100019;190.180000000;70;9672803444;B
20240221;100019;190.320000000;40;9672803445;B
20240221;100019;190.280000000;110;9672803471;B
20240221;100019;190.360000000;70;9672803478;B
20240221;100019;190.360000000;110;9672803507;B
20240221;100019;190.320000000;50;9672803571;B
20240221;100019;190.320000000;110;9672803581;B
20240221;100019;190.320000000;110;9672803589;B
20240221;100019;190.320000000;180;9672803590;B
20240221;100019;190.320000000;110;9672803769;B
20240221;100019;190.320000000;110;9672803822;B
20240221;100020;190.420000000;110;9672803952;B
20240221;100020;190.380000000;70;9672804007;B
20240221;100020;190.380000000;110;9672804020;B
20240221;100020;190.380000000;70;9672804056;B
20240221;100020;190.380000000;110;9672804115;B
20240221;100020;190.380000000;50;9672804149;B
20240221;100020;190.380000000;110;9672804486;B
20240221;100021;190.380000000;20;9672804535;B
20240221;100021;190.460000000;70;9672804655;B
20240221;100021;190.460000000;180;9672804656;B
20240221;100021;190.480000000;50;9672804703;B
20240221;100021;190.480000000;50;9672804704;B
20240221;100021;190.500000000;60;9672804705;B
20240221;100021;190.500000000;110;9672804804;B
20240221;100021;190.400000000;110;9672804880;B
20240221;100021;190.400000000;1390;9672804962;B
20240221;100022;190.420000000;40;9672805058;B
20240221;100022;190.480000000;70;9672805059;B
20240221;100022;190.260000000;30;9672805202;S
20240221;100022;190.480000000;50;9672805203;B
20240221;100022;190.480000000;180;9672805209;B
20240221;100022;190.480000000;50;9672805255;B
20240221;100022;190.460000000;110;9672805309;B
20240221;100022;190.460000000;110;9672805315;B
20240221;100022;190.460000000;90;9672805334;B
20240221;100022;190.560000000;90;9672805335;B
20240221;100022;190.340000000;160;9672805462;S
20240221;100022;190.200000000;240;9672805463;S
20240221;100022;190.180000000;10;9672805572;S
20240221;100023;190.520000000;180;9672805614;B
20240221;100023;190.220000000;60;9672805628;S
20240221;100023;190.220000000;400;9672805672;S
20240221;100023;190.200000000;40;9672805673;S
20240221;100023;190.160000000;260;9672805674;S
20240221;100023;190.200000000;620;9672805677;S
20240221;100023;190.180000000;1000;9672805678;S
20240221;100023;190.140000000;80;9672805679;S
20240221;100023;190.500000000;50;9672805680;B
20240221;100023;190.160000000;40;9672805699;S
20240221;100023;190.160000000;30;9672805718;S
20240221;100023;190.160000000;1510;9672805751;S
20240221;100023;190.140000000;490;9672805752;S
20240221;100023;190.200000000;150;9672805753;S
20240221;100023;190.200000000;10;9672805963;S
20240221;100023;190.440000000;180;9672805970;B
20240221;100023;190.300000000;100;9672806085;B
20240221;100024;190.500000000;180;9672806341;B
20240221;100024;190.500000000;110;9672806438;B
20240221;100026;190.200000000;10;9672807269;S
20240221;100026;190.420000000;110;9672807471;B
20240221;100027;190.460000000;10;9672807682;B
20240221;100027;190.320000000;10;9672807842;B
20240221;100028;190.440000000;110;9672808417;B
20240221;100029;190.200000000;160;9672809055;S
20240221;100029;190.180000000;20;9672809056;S
20240221;100029;190.160000000;1580;9672809057;S
20240221;100029;190.160000000;320;9672809058;S
20240221;100029;190.140000000;300;9672809059;S
20240221;100029;190.120000000;50;9672809060;S
20240221;100029;190.100000000;30;9672809061;S
20240221;100029;190.060000000;530;9672809062;S
20240221;100029;190.060000000;580;9672809063;S
20240221;100029;190.040000000;2070;9672809064;S
20240221;100029;190.080000000;230;9672809090;S
20240221;100030;190.060000000;1240;9672809621;S
20240221;100030;190.340000000;110;9672809757;B
20240221;100031;190.160000000;40;9672810121;B
20240221;100032;190.420000000;20;9672810570;B
20240221;100032;190.420000000;110;9672810659;B
20240221;100037;190.420000000;1350;9672813390;B
20240221;100037;190.440000000;420;9672813988;B
20240221;100037;190.460000000;680;9672813989;B
20240221;100037;190.460000000;20;9672813990;B
20240221;100037;190.480000000;120;9672813992;B
20240221;100038;190.320000000;160;9672814206;S
20240221;100039;190.480000000;10;9672814544;B
20240221;100040;190.480000000;10;9672814873;B
20240221;100041;190.480000000;100;9672815475;B
20240221;100042;190.480000000;130;9672815737;B
20240221;100043;190.480000000;60;9672816014;B
20240221;100043;190.480000000;70;9672816049;B
20240221;100043;190.560000000;40;9672816050;B
20240221;100043;190.560000000;130;9672816051;B
20240221;100043;190.400000000;160;9672816204;S
20240221;100045;190.580000000;10;9672817111;B
20240221;100046;190.580000000;20;9672817322;B
20240221;100046;190.600000000;10;9672817323;B
20240221;100046;190.600000000;270;9672817324;B
20240221;100046;190.600000000;130;9672817397;B
20240221;100046;190.600000000;40;9672817473;B
20240221;100046;190.600000000;110;9672817506;B
20240221;100046;190.480000000;10;9672817546;S
20240221;100046;190.600000000;30;9672817708;B
20240221;100046;190.600000000;270;9672817882;B
20240221;100046;190.600000000;50;9672817914;B
20240221;100046;190.600000000;300;9672817915;B
20240221;100047;190.600000000;80;9672817986;B
20240221;100047;190.600000000;10;9672817987;B
20240221;100047;190.600000000;150;9672817988;B
20240221;100047;190.600000000;300;9672818148;B
20240221;100047;190.500000000;40;9672818239;S
20240221;100048;190.600000000;150;9672818760;B
20240221;100048;190.620000000;1330;9672818761;B
20240221;100050;190.620000000;40;9672819640;B
20240221;100050;190.620000000;100;9672819704;B
20240221;100053;190.620000000;10;9672820921;B
20240221;100054;190.620000000;60;9672821093;B
20240221;100054;190.520000000;80;9672821274;S
20240221;100056;190.620000000;240;9672821819;B
20240221;100057;190.620000000;50;9672821988;B
20240221;100057;190.620000000;20;9672822293;B
20240221;100057;190.520000000;530;9672822297;S
20240221;100057;190.520000000;10;9672822298;S
20240221;100057;190.500000000;790;9672822299;S
20240221;100057;190.500000000;170;9672822300;S
20240221;100058;190.440000000;100;9672822508;S
20240221;100058;190.600000000;30;9672822562;B
20240221;100059;190.440000000;50;9672822785;S
20240221;100059;190.440000000;640;9672822855;S
20240221;100059;190.440000000;40;9672822856;S
20240221;100059;190.420000000;50;9672822857;S
20240221;100100;190.620000000;30;9672823135;B
20240221;100102;190.600000000;150;9672823750;B
20240221;100103;190.560000000;40;9672824322;B
20240221;100103;190.600000000;40;9672824323;B
20240221;100104;190.600000000;60;9672824678;B
20240221;100105;190.440000000;230;9672824918;S
20240221;100106;190.600000000;10;9672825044;B
20240221;100106;190.600000000;60;9672825316;B
20240221;100106;190.600000000;20;9672825317;B
20240221;100107;190.580000000;30;9672825405;B
20240221;100107;190.580000000;70;9672825431;B
20240221;100107;190.600000000;50;9672825432;B
20240221;100107;190.600000000;150;9672825458;B
20240221;100108;190.600000000;50;9672825724;B
20240221;100108;190.600000000;200;9672825744;B
20240221;100108;190.600000000;150;9672825821;B
20240221;100111;190.580000000;10;9672826637;B
20240221;100111;190.420000000;10;9672826733;S
20240221;100113;190.580000000;80;9672827646;B
20240221;100119;190.420000000;40;9672829541;S
20240221;100119;190.420000000;50;9672829542;S
20240221;100119;190.420000000;10;9672829543;S
20240221;100121;190.420000000;80;9672829969;B
20240221;100121;190.540000000;100;9672829970;B
20240221;100121;190.560000000;80;9672829971;B
20240221;100122;190.560000000;100;9672830296;B
20240221;100122;190.360000000;10;9672830379;S
20240221;100123;190.560000000;50;9672830481;B
20240221;100123;190.360000000;200;9672830507;S
20240221;100125;190.400000000;10;9672830952;S
20240221;100125;190.400000000;10;9672830953;S
20240221;100125;190.560000000;30;9672831093;B
20240221;100130;190.400000000;30;9672832373;S
20240221;100131;190.520000000;300;9672832605;S
20240221;100131;190.400000000;50;9672832693;S
20240221;100135;190.400000000;40;9672834456;B
20240221;100136;190.400000000;60;9672834752;B
20240221;100138;190.400000000;10;9672835347;B
20240221;100138;190.400000000;140;9672835411;B
20240221;100138;190.400000000;50;9672835412;B
20240221;100138;190.500000000;90;9672835413;B
20240221;100140;190.400000000;40;9672835983;S
20240221;100141;190.500000000;40;9672836288;B
20240221;100142;190.500000000;20;9672836654;B
20240221;100146;190.500000000;50;9672837566;B
20240221;100146;190.540000000;40;9672837567;B
20240221;100146;190.540000000;150;9672837600;B
20240221;100150;190.480000000;20;9672838658;B
20240221;100152;190.480000000;90;9672839296;B
20240221;100152;190.480000000;150;9672839333;B
20240221;100152;190.400000000;50;9672839466;S
20240221;100152;190.400000000;10;9672839529;S
20240221;100152;190.400000000;300;9672839530;S
20240221;100152;190.400000000;500;9672839531;S
20240221;100152;190.380000000;390;9672839532;S
20240221;100153;190.460000000;10;9672839539;B
20240221;100153;190.380000000;140;9672839617;S
20240221;100153;190.380000000;470;9672839618;S
20240221;100153;190.400000000;90;9672839715;B
20240221;100153;190.400000000;80;9672839749;B
20240221;100153;190.400000000;20;9672839864;B
20240221;100154;190.400000000;120;9672840111;B
20240221;100155;190.400000000;190;9672840183;B
20240221;100156;190.480000000;30;9672840406;B
20240221;100156;190.400000000;810;9672840635;S
20240221;100158;190.360000000;20;9672841161;S
20240221;100158;190.340000000;80;9672841162;S
20240221;100159;190.400000000;20;9672841222;B
20240221;100159;190.400000000;60;9672841431;B
20240221;100159;190.400000000;110;9672841453;B
20240221;100159;190.460000000;70;9672841454;B
20240221;100200;190.460000000;80;9672841867;B
20240221;100200;190.480000000;220;9672841868;B
20240221;100200;190.480000000;300;9672841904;B
20240221;100201;190.460000000;80;9672842208;B
20240221;100201;190.460000000;90;9672842209;B
20240221;100201;190.480000000;130;9672842210;B
20240221;100201;190.480000000;50;9672842254;B
20240221;100202;190.480000000;60;9672842456;B
20240221;100202;190.480000000;250;9672842507;B
20240221;100203;190.480000000;20;9672842851;B
20240221;100203;190.460000000;40;9672842855;B
20240221;100203;190.480000000;60;9672842856;B
20240221;100204;190.480000000;30;9672843020;B
20240221;100204;190.480000000;60;9672843047;B
20240221;100204;190.480000000;60;9672843102;B
20240221;100204;190.480000000;50;9672843219;B
20240221;100204;190.480000000;30;9672843313;B
20240221;100204;190.480000000;60;9672843342;B
20240221;100204;190.480000000;40;9672843380;B
20240221;100204;190.480000000;110;9672843409;B
20240221;100204;190.480000000;80;9672843410;B
20240221;100205;190.480000000;10;9672843463;B
20240221;100205;190.500000000;20;9672843464;B
20240221;100209;190.460000000;10;9672844425;B
20240221;100211;190.460000000;10;9672844871;B
20240221;100216;190.460000000;10;9672846042;B
20240221;100216;190.480000000;50;9672846043;B
20240221;100216;190.400000000;10;9672846271;S
20240221;100217;190.460000000;10;9672846308;B
20240221;100217;190.480000000;50;9672846309;B
20240221;100219;190.400000000;10;9672846866;S
20240221;100219;190.400000000;290;9672846867;S
20240221;100221;190.400000000;10;9672847192;S
20240221;100221;190.400000000;10;9672847193;S
20240221;100221;190.400000000;10;9672847194;S
20240221;100221;190.400000000;10;9672847195;S
20240221;100221;190.380000000;10;9672847208;S
20240221;100222;190.400000000;20;9672847448;B
20240221;100223;190.400000000;10;9672847740;B
20240221;100224;190.380000000;20;9672847845;S
20240221;100225;190.400000000;30;9672848044;B
20240221;100225;190.400000000;200;9672848286;B
20240221;100225;190.440000000;100;9672848287;B
20240221;100228;190.440000000;30;9672848991;B
20240221;100228;190.440000000;300;9672849135;B
20240221;100228;190.440000000;300;9672849187;B
20240221;100230;190.440000000;10;9672849715;B
20240221;100230;190.440000000;10;9672849716;B
20240221;100232;190.440000000;100;9672850140;B
20240221;100233;190.440000000;20;9672850425;B
20240221;100234;190.440000000;40;9672850783;B
20240221;100241;190.440000000;10;9672853418;B
20240221;100241;190.440000000;10;9672853512;B
20240221;100245;190.440000000;10;9672854355;B
20240221;100245;190.400000000;30;9672854376;S
20240221;100245;190.400000000;70;9672854377;S
20240221;100245;190.400000000;10;9672854449;S
20240221;100246;190.440000000;10;9672854580;B
20240221;100246;190.420000000;20;9672854587;S
20240221;100246;190.400000000;120;9672854588;S
20240221;100246;190.440000000;100;9672854720;B
20240221;100249;190.400000000;150;9672855613;S
20240221;100250;190.400000000;70;9672855991;S
20240221;100251;190.400000000;10;9672856345;S
20240221;100253;190.440000000;10;9672856788;B
20240221;100255;190.440000000;10;9672857353;B
20240221;100255;190.400000000;10;9672857454;S
20240221;100301;190.440000000;10;9672859040;B
20240221;100303;190.440000000;10;9672859600;B
20240221;100304;190.400000000;60;9672859701;S
20240221;100304;190.400000000;60;9672859702;S
20240221;100306;190.440000000;50;9672860457;B
20240221;100306;190.440000000;60;9672860491;B
20240221;100306;190.440000000;10;9672860640;B
20240221;100308;190.400000000;1000;9672861312;S
20240221;100308;190.400000000;400;9672861631;S
20240221;100309;190.400000000;20;9672861778;S
20240221;100313;190.400000000;30;9672862681;S
20240221;100314;190.400000000;530;9672862890;S
20240221;100316;190.400000000;30;9672863355;S
20240221;100316;190.400000000;60;9672863356;S
20240221;100316;190.400000000;1070;9672863399;S
20240221;100316;190.400000000;10;9672863400;S
20240221;100318;190.380000000;60;9672863720;S
20240221;100318;190.380000000;10;9672863721;S
20240221;100318;190.400000000;10;9672863730;B
20240221;100320;190.360000000;10;9672864303;S
20240221;100320;190.340000000;100;9672864304;S
20240221;100320;190.320000000;10;9672864305;S
20240221;100321;190.300000000;10;9672864677;S
20240221;100321;190.280000000;10;9672864678;S
20240221;100321;190.280000000;220;9672864679;S
20240221;100324;190.340000000;10;9672865490;B
20240221;100326;190.340000000;10;9672865963;B
20240221;100327;190.340000000;1560;9672866059;B
20240221;100327;190.340000000;530;9672866060;B
20240221;100327;190.340000000;500;9672866061;B
20240221;100327;190.360000000;10;9672866062;B
20240221;100327;190.360000000;1310;9672866063;B
20240221;100327;190.420000000;40;9672866064;B
20240221;100327;190.440000000;120;9672866065;B
20240221;100327;190.440000000;220;9672866066;B
20240221;100327;190.460000000;710;9672866067;B
20240221;100327;190.300000000;170;9672866213;S
20240221;100327;190.280000000;10;9672866214;S
20240221;100327;190.280000000;340;9672866215;S
20240221;100327;190.280000000;480;9672866216;S
20240221;100328;190.320000000;10;9672866517;S
20240221;100330;190.360000000;20;9672867122;B
20240221;100334;190.320000000;30;9672868221;S
20240221;100334;190.300000000;10;9672868222;S
20240221;100334;190.300000000;180;9672868223;S
20240221;100334;190.280000000;1420;9672868224;S
20240221;100334;190.260000000;8360;9672868225;S
20240221;100335;190.320000000;50;9672868508;B
20240221;100339;190.300000000;30;9672869681;B
20240221;100340;190.260000000;1000;9672870020;S
20240221;100344;190.300000000;10;9672871133;B
20240221;100344;190.300000000;230;9672871134;B
20240221;100344;190.300000000;60;9672871135;B
20240221;100345;190.300000000;40;9672871342;B
20240221;100345;190.300000000;50;9672871343;B
20240221;100345;190.280000000;530;9672871574;B
20240221;100346;190.280000000;380;9672871785;B
20240221;100346;190.300000000;1080;9672871976;B
20240221;100351;190.260000000;10;9672873243;B
20240221;100351;190.260000000;530;9672873244;B
20240221;100351;190.280000000;280;9672873245;B
20240221;100351;190.280000000;40;9672873246;B
20240221;100351;190.280000000;140;9672873247;B
20240221;100354;190.260000000;40;9672874046;S
20240221;100354;190.240000000;60;9672874047;S
20240221;100354;190.140000000;10;9672874048;S
20240221;100354;190.140000000;210;9672874049;S
20240221;100354;190.060000000;170;9672874050;S
20240221;100354;190.040000000;20;9672874051;S
20240221;100354;190.040000000;220;9672874052;S
20240221;100354;190.020000000;60;9672874053;S
20240221;100354;190.060000000;790;9672874205;S
20240221;100354;190.040000000;110;9672874206;S
20240221;100354;190.020000000;640;9672874207;S
20240221;100354;190.020000000;40;9672874208;S
20240221;100356;190.100000000;170;9672875373;B
20240221;100356;190.120000000;110;9672875374;B
20240221;100356;190.020000000;20;9672875429;S
20240221;100357;190.020000000;770;9672875855;S
20240221;100357;190.000000000;10;9672875856;S
20240221;100357;190.000000000;10;9672875857;S
20240221;100357;190.000000000;10;9672875858;S
20240221;100357;190.000000000;10;9672875859;S
20240221;100357;190.000000000;340;9672875860;S
20240221;100357;190.000000000;10;9672875861;S
20240221;100357;190.000000000;10;9672875862;S
20240221;100357;190.000000000;10;9672875863;S
20240221;100357;190.000000000;10;9672875864;S
20240221;100357;190.000000000;20;9672875865;S
20240221;100357;190.000000000;100;9672875866;S
20240221;100357;190.000000000;50;9672875867;S
20240221;100357;189.980000000;170;9672875868;S
20240221;100357;189.960000000;20;9672875869;S
20240221;100357;189.960000000;660;9672875870;S
20240221;100357;189.940000000;290;9672875871;S
20240221;100358;189.920000000;10;9672876074;S
20240221;100400;189.980000000;60;9672876942;S
20240221;100400;189.960000000;210;9672876943;S
20240221;100402;189.960000000;30;9672877518;B
20240221;100402;190.100000000;170;9672877793;B
20240221;100402;190.120000000;40;9672877794;B
20240221;100402;190.140000000;890;9672877795;B
20240221;100402;190.120000000;170;9672877796;B
20240221;100402;190.120000000;20;9672877797;S
20240221;100402;190.180000000;10;9672877857;B
20240221;100402;190.200000000;260;9672877858;B
20240221;100403;190.200000000;20;9672878047;B
20240221;100403;190.220000000;10;9672878048;B
20240221;100403;190.220000000;60;9672878076;B
20240221;100403;190.220000000;10;9672878170;B
20240221;100403;190.240000000;50;9672878171;B
20240221;100403;190.360000000;20;9672878266;B
20240221;100403;190.380000000;30;9672878404;B
20240221;100404;190.380000000;30;9672878670;B
20240221;100404;190.380000000;90;9672878720;B
20240221;100404;190.380000000;190;9672878748;B
20240221;100404;190.380000000;40;9672878769;B
20240221;100404;190.380000000;240;9672878770;B
20240221;100404;190.380000000;60;9672878842;B
20240221;100404;190.380000000;30;9672878866;B
20240221;100405;190.380000000;30;9672878972;B
20240221;100405;190.380000000;30;9672878992;B
20240221;100405;190.360000000;40;9672879079;B
20240221;100405;190.360000000;30;9672879171;B
20240221;100406;190.360000000;30;9672879213;B
20240221;100406;190.380000000;180;9672879214;B
20240221;100406;190.380000000;120;9672879242;B
20240221;100406;190.300000000;200;9672879303;S
20240221;100406;190.300000000;10;9672879361;S
20240221;100406;190.380000000;10;9672879517;B
20240221;100406;190.400000000;50;9672879558;B
20240221;100407;190.400000000;140;9672879837;B
20240221;100407;190.420000000;260;9672879838;B
20240221;100408;190.420000000;30;9672879980;B
20240221;100409;190.400000000;50;9672880839;B
20240221;100409;190.420000000;30;9672880932;B
20240221;100409;190.420000000;60;9672881316;B
20240221;100412;190.400000000;30;9672882649;B
20240221;100415;190.400000000;530;9672883415;B
20240221;100415;190.420000000;620;9672883513;B
20240221;100415;190.420000000;380;9672883514;B
20240221;100415;190.420000000;40;9672883645;B
20240221;100415;190.420000000;50;9672883653;B
20240221;100415;190.420000000;20;9672883697;B
20240221;100416;190.280000000;20;9672883852;S
20240221;100416;190.400000000;300;9672883853;B
20240221;100418;190.400000000;20;9672884252;B
20240221;100418;190.400000000;10;9672884253;B
20240221;100418;190.400000000;60;9672884289;B
20240221;100418;190.420000000;210;9672884290;B
20240221;100420;190.380000000;60;9672884934;S
20240221;100420;190.420000000;100;9672885143;B
20240221;100422;190.420000000;60;9672885738;B
20240221;100422;190.420000000;300;9672886322;B
20240221;100422;190.420000000;150;9672886360;B
20240221;100422;190.420000000;110;9672886361;B
20240221;100422;190.420000000;300;9672886435;B
20240221;100423;190.420000000;60;9672886804;B
20240221;100423;190.420000000;30;9672886981;B
20240221;100423;190.420000000;20;9672886982;B
20240221;100423;190.420000000;10;9672886983;B
20240221;100423;190.420000000;10;9672887145;B
20240221;100427;190.460000000;30;9672888309;B
20240221;100427;190.460000000;10;9672888389;B
20240221;100428;190.480000000;30;9672888476;B
20240221;100428;190.420000000;670;9672888586;S
20240221;100428;190.420000000;10;9672888587;S
20240221;100428;190.400000000;320;9672888588;S
20240221;100433;190.380000000;100;9672890229;B
20240221;100434;190.340000000;10;9672890519;S
20240221;100434;190.200000000;10;9672890520;S
20240221;100434;190.180000000;40;9672890521;S
20240221;100437;190.160000000;20;9672891573;S
20240221;100437;190.140000000;10;9672891574;S
20240221;100437;190.260000000;10;9672891605;B
20240221;100437;190.300000000;220;9672891844;B
20240221;100438;190.300000000;120;9672892067;B
20240221;100438;190.380000000;20;9672892118;B
20240221;100441;190.200000000;30;9672893132;S
20240221;100441;190.160000000;10;9672893133;S
20240221;100443;190.180000000;150;9672894019;S
20240221;100443;190.160000000;150;9672894020;S
20240221;100443;190.140000000;170;9672894021;S
20240221;100443;190.120000000;500;9672894022;S
20240221;100443;190.100000000;30;9672894023;S
20240221;100443;190.260000000;60;9672894054;B
20240221;100445;190.220000000;120;9672894515;B
20240221;100445;190.240000000;500;9672894516;B
20240221;100445;190.260000000;20;9672894517;B
20240221;100445;190.300000000;40;9672894518;B
20240221;100445;190.320000000;320;9672894519;B
20240221;100447;190.140000000;20;9672895337;S
20240221;100447;190.120000000;10;9672895338;S
20240221;100448;190.120000000;30;9672895646;S
20240221;100449;190.120000000;260;9672895973;S
20240221;100449;190.100000000;10;9672895974;S
20240221;100449;190.080000000;170;9672895975;S
20240221;100449;190.060000000;500;9672895976;S
20240221;100449;190.040000000;1240;9672895977;S
20240221;100449;190.020000000;700;9672895978;S
20240221;100449;190.000000000;10;9672895979;S
20240221;100449;190.000000000;10;9672895980;S
20240221;100449;190.000000000;410;9672895981;S
20240221;100449;189.980000000;10;9672895982;S
20240221;100449;189.960000000;40;9672895983;S
20240221;100449;189.940000000;510;9672895984;S
20240221;100449;190.120000000;150;9672896049;B
20240221;100450;190.100000000;10;9672896068;B
20240221;100451;190.000000000;100;9672896450;S
20240221;100453;190.020000000;90;9672897135;S
20240221;100456;190.020000000;170;9672898144;S
20240221;100456;190.000000000;1900;9672898145;S
20240221;100457;190.080000000;10;9672898293;B
20240221;100457;190.100000000;40;9672898294;B
20240221;100457;190.000000000;20;9672898395;S
20240221;100457;190.080000000;170;9672898457;B
20240221;100457;190.080000000;260;9672898458;S
20240221;100457;190.100000000;90;9672898519;B
20240221;100458;190.120000000;390;9672898707;B
20240221;100458;190.120000000;10;9672899038;B
20240221;100458;190.100000000;10;9672899081;B
20240221;100459;190.060000000;20;9672899319;S
20240221;100500;190.080000000;100;9672899756;B
20240221;100501;190.000000000;530;9672900180;S
20240221;100501;190.000000000;2450;9672900181;S
20240221;100503;189.920000000;20;9672901205;S
20240221;100504;189.900000000;10;9672901313;S
20240221;100504;189.900000000;10;9672901314;S
20240221;100505;189.980000000;640;9672901721;B
20240221;100505;189.900000000;10;9672901722;S
20240221;100505;189.820000000;10;9672901723;S
20240221;100505;189.820000000;40;9672901724;S
20240221;100505;189.800000000;10;9672901725;S
20240221;100505;189.800000000;250;9672901726;S
20240221;100505;189.780000000;170;9672901727;S
20240221;100505;189.760000000;270;9672901728;S
20240221;100505;189.760000000;110;9672901729;S
20240221;100505;189.860000000;100;9672901766;B
20240221;100505;189.720000000;50;9672901777;S
20240221;100506;189.800000000;10;9672901942;B
20240221;100507;189.720000000;30;9672902262;S
20240221;100508;189.720000000;500;9672902907;S
20240221;100508;189.720000000;170;9672902908;S
20240221;100508;189.720000000;200;9672902909;B
20240221;100511;189.700000000;10;9672903780;S
20240221;100511;189.700000000;10;9672903781;S
20240221;100511;189.700000000;1320;9672903782;S
20240221;100511;189.700000000;70;9672903875;S
20240221;100511;189.700000000;110;9672903928;S
20240221;100511;189.700000000;100;9672903929;S
20240221;100511;189.660000000;60;9672903930;S
20240221;100511;189.660000000;500;9672903931;S
20240221;100511;189.600000000;10;9672903932;S
20240221;100511;189.580000000;170;9672903933;S
20240221;100511;189.560000000;10;9672903934;S
20240221;100511;189.560000000;40;9672903935;S
20240221;100512;189.640000000;20;9672904751;B
20240221;100514;189.620000000;1580;9672905415;S
20240221;100514;189.600000000;530;9672905416;S
20240221;100514;189.600000000;10;9672905417;S
20240221;100514;189.740000000;10;9672905481;B
20240221;100515;189.780000000;10;9672905643;B
20240221;100515;189.780000000;10;9672905700;B
20240221;100515;189.840000000;300;9672905709;B
20240221;100515;189.860000000;40;9672905936;B
20240221;100515;189.860000000;20;9672905937;B
20240221;100515;189.860000000;150;9672905975;B
20240221;100515;189.880000000;220;9672905976;B
20240221;100515;189.920000000;630;9672905977;B
20240221;100516;189.900000000;60;9672906038;B
20240221;100516;189.900000000;110;9672906112;B
20240221;100516;189.920000000;20;9672906113;B
20240221;100516;189.900000000;10;9672906178;B
20240221;100516;189.740000000;170;9672906310;S
20240221;100517;189.900000000;600;9672906638;S
20240221;100518;189.880000000;10;9672906918;S
20240221;100518;189.820000000;30;9672906919;S
20240221;100520;189.760000000;500;9672907565;S
20240221;100520;189.740000000;40;9672907566;S
20240221;100520;189.680000000;170;9672907567;S
20240221;100520;189.660000000;1580;9672907568;S
20240221;100520;189.660000000;530;9672907569;S
20240221;100520;189.660000000;700;9672907570;B
20240221;100520;189.660000000;1210;9672907571;B
20240221;100520;189.720000000;10;9672907588;B
20240221;100521;189.700000000;160;9672907661;S
20240221;100521;189.680000000;30;9672907662;S
20240221;100521;189.720000000;10;9672907900;S
20240221;100521;189.880000000;170;9672907903;B
20240221;100521;189.900000000;110;9672907904;B
20240221;100521;189.900000000;1250;9672907905;B
20240221;100521;189.900000000;80;9672907906;S
20240221;100522;189.960000000;10;9672908150;S
20240221;100523;189.900000000;390;9672908470;S
20240221;100523;189.840000000;170;9672908471;S
20240221;100523;189.820000000;500;9672908472;S
20240221;100523;189.740000000;240;9672908473;S
20240221;100524;189.800000000;170;9672908582;S
20240221;100524;189.780000000;1580;9672908583;S
20240221;100524;189.760000000;260;9672908584;S
20240221;100527;189.960000000;30;9672909812;B
20240221;100528;189.960000000;20;9672910256;B
20240221;100528;189.960000000;20;9672910388;B
20240221;100528;189.960000000;130;9672910424;B
20240221;100528;189.980000000;130;9672910425;B
20240221;100529;189.960000000;60;9672910913;B
20240221;100530;189.960000000;30;9672911024;B
20240221;100530;189.960000000;60;9672911084;B
20240221;100530;189.860000000;30;9672911131;S
20240221;100530;189.840000000;20;9672911132;S
20240221;100531;189.960000000;20;9672911473;B
20240221;100531;189.980000000;670;9672911538;B
20240221;100531;189.980000000;10;9672911620;B
20240221;100531;189.980000000;10;9672911621;B
20240221;100531;190.000000000;190;9672911622;B
20240221;100531;189.900000000;10;9672911714;S
20240221;100531;189.900000000;440;9672911715;S
20240221;100532;189.840000000;180;9672912143;S
20240221;100535;189.880000000;170;9672912994;S
20240221;100535;189.880000000;330;9672912995;S
20240221;100536;189.880000000;170;9672913059;S
20240221;100536;189.860000000;80;9672913060;S
20240221;100536;189.980000000;170;9672913449;B
20240221;100536;190.000000000;180;9672913454;B
20240221;100537;190.020000000;100;9672913717;B
20240221;100537;190.020000000;50;9672913718;B
20240221;100537;190.040000000;40;9672913719;B
20240221;100537;190.060000000;340;9672913720;B
20240221;100540;189.920000000;100;9672914238;S
20240221;100540;189.920000000;250;9672914315;S
20240221;100541;189.820000000;10;9672914755;S
20240221;100541;189.820000000;210;9672914756;S
20240221;100541;190.000000000;10;9672914821;B
20240221;100544;189.880000000;10;9672915492;S
20240221;100544;189.880000000;160;9672915621;S
20240221;100544;189.880000000;340;9672915622;S
20240221;100545;189.980000000;10;9672915765;B
20240221;100545;190.000000000;80;9672915766;B
20240221;100545;189.980000000;160;9672915811;B
20240221;100545;190.000000000;80;9672915812;B
20240221;100545;190.000000000;30;9672915878;B
20240221;100545;190.000000000;600;9672915902;B
20240221;100545;190.060000000;40;9672915903;B
20240221;100545;190.060000000;360;9672915904;B
20240221;100545;190.100000000;10;9672916042;B
20240221;100546;190.100000000;60;9672916384;B
20240221;100546;190.100000000;90;9672916430;B
20240221;100546;190.060000000;100;9672916477;S
20240221;100546;190.080000000;100;9672916515;S
20240221;100546;190.100000000;240;9672916635;B
20240221;100546;190.100000000;20;9672916673;B
20240221;100546;190.100000000;80;9672916689;B
20240221;100546;190.100000000;60;9672916690;B
20240221;100546;190.100000000;160;9672916691;B
20240221;100546;190.140000000;1000;9672916741;B
20240221;100548;190.140000000;300;9672917520;B
20240221;100548;190.140000000;10;9672917573;B
20240221;100548;190.180000000;20;9672917574;B
20240221;100548;190.200000000;350;9672917575;B
20240221;100548;190.180000000;80;9672917840;B
20240221;100548;190.200000000;70;9672917841;B
20240221;100549;190.240000000;10;9672918218;B
20240221;100549;190.240000000;10;9672918317;B
20240221;100550;190.060000000;90;9672918574;S
20240221;100551;190.140000000;10;9672918858;S
20240221;100552;190.200000000;10;9672919010;B
20240221;100552;190.200000000;10;9672919011;B
20240221;100553;190.100000000;150;9672919251;S
20240221;100554;190.040000000;40;9672919710;S
20240221;100554;190.000000000;120;9672919711;S
20240221;100554;190.040000000;600;9672919763;S
20240221;100556;190.160000000;40;9672920459;B
20240221;100556;190.080000000;100;9672920549;S
20240221;100556;190.180000000;150;9672920609;B
20240221;100556;190.180000000;20;9672920638;B
20240221;100556;190.200000000;20;9672920639;B
20240221;100556;190.100000000;300;9672920774;S
20240221;100556;190.080000000;690;9672920782;S
20240221;100556;190.020000000;170;9672920783;S
20240221;100556;189.960000000;340;9672920784;S
20240221;100558;189.880000000;280;9672921120;S
20240221;100558;189.860000000;1120;9672921121;S
20240221;100559;189.820000000;170;9672921232;S
20240221;100559;189.800000000;80;9672921233;S
20240221;100559;189.980000000;30;9672921256;B
20240221;100559;189.960000000;10;9672921455;B
20240221;100600;189.880000000;10;9672921911;B
20240221;100601;189.880000000;160;9672922190;B
20240221;100601;189.880000000;50;9672922201;S
20240221;100601;189.920000000;60;9672922217;B
20240221;100601;189.900000000;130;9672922589;B
20240221;100601;189.940000000;120;9672922590;B
20240221;100601;189.940000000;150;9672922591;B
20240221;100601;189.940000000;10;9672922665;B
20240221;100601;189.800000000;30;9672922747;S
20240221;100602;189.800000000;30;9672922774;S
20240221;100602;189.940000000;60;9672922809;B
20240221;100602;189.940000000;30;9672922873;B
20240221;100602;189.940000000;30;9672923009;B
20240221;100602;189.940000000;30;9672923161;B
20240221;100602;189.940000000;280;9672923193;B
20240221;100602;189.940000000;70;9672923235;B
20240221;100602;189.940000000;210;9672923281;B
20240221;100602;189.960000000;90;9672923343;B
20240221;100602;189.960000000;100;9672923387;B
20240221;100602;189.980000000;40;9672923388;B
20240221;100602;189.980000000;30;9672923394;S
20240221;100603;189.820000000;20;9672923762;S
20240221;100603;189.820000000;170;9672923763;S
20240221;100603;189.820000000;110;9672923764;S
20240221;100603;190.000000000;60;9672923864;B
20240221;100603;190.000000000;40;9672924033;B
20240221;100603;190.000000000;20;9672924034;B
20240221;100603;190.020000000;60;9672924089;B
20240221;100604;190.000000000;60;9672924245;B
20240221;100604;189.880000000;170;9672924503;S
20240221;100604;189.860000000;390;9672924504;S
20240221;100604;190.000000000;140;9672924550;B
20240221;100607;189.940000000;40;9672925586;S
20240221;100607;189.940000000;160;9672925587;S
20240221;100607;190.020000000;30;9672925916;B
20240221;100607;190.020000000;60;9672925947;B
20240221;100608;190.020000000;30;9672926078;B
20240221;100608;190.040000000;170;9672926079;B
20240221;100608;190.040000000;30;9672926154;B
20240221;100608;190.040000000;90;9672926180;B
20240221;100609;190.040000000;30;9672926444;B
20240221;100609;190.040000000;150;9672926474;B
20240221;100609;190.040000000;30;9672926728;B
20240221;100609;190.040000000;90;9672926756;B
20240221;100609;190.040000000;20;9672926796;B
20240221;100609;190.040000000;10;9672926838;B
20240221;100609;190.040000000;60;9672926864;B
20240221;100609;190.040000000;20;9672926906;B
20240221;100610;190.040000000;60;9672927109;B
20240221;100610;190.040000000;60;9672927158;B
20240221;100610;190.040000000;300;9672927225;B
20240221;100610;190.040000000;20;9672927230;B
20240221;100610;190.100000000;240;9672927257;B
20240221;100610;190.100000000;30;9672927405;B
20240221;100610;190.100000000;270;9672927639;B
20240221;100611;190.100000000;20;9672927900;B
20240221;100611;190.100000000;30;9672927938;B
20240221;100611;190.100000000;30;9672928014;B
20240221;100611;190.100000000;270;9672928082;B
20240221;100611;190.060000000;160;9672928235;S
20240221;100611;190.060000000;500;9672928236;S
20240221;100611;190.020000000;170;9672928237;S
20240221;100611;190.000000000;20;9672928238;S
20240221;100611;190.000000000;240;9672928239;S
20240221;100611;190.000000000;1050;9672928240;B
20240221;100612;190.000000000;20;9672928306;B
20240221;100612;190.000000000;30;9672928525;B
20240221;100613;189.960000000;10;9672928632;S
20240221;100613;189.960000000;70;9672928633;S
20240221;100613;189.920000000;100;9672928634;S
20240221;100613;189.900000000;820;9672928635;S
20240221;100613;189.980000000;30;9672928877;B
20240221;100613;189.980000000;30;9672928912;B
20240221;100614;189.980000000;110;9672929271;B
20240221;100614;190.000000000;30;9672929272;B
20240221;100614;190.000000000;60;9672929464;B
20240221;100614;190.000000000;10;9672929640;B
20240221;100614;190.000000000;30;9672929787;B
20240221;100615;190.000000000;30;9672929893;B
20240221;100615;190.000000000;20;9672930150;B
20240221;100616;189.920000000;150;9672930247;S
20240221;100617;189.980000000;120;9672930516;B
20240221;100619;189.900000000;210;9672931294;S
20240221;100620;189.900000000;100;9672931751;S
20240221;100621;189.980000000;30;9672931849;B
20240221;100621;189.980000000;300;9672932145;B
20240221;100622;189.980000000;30;9672932188;B
20240221;100622;189.980000000;180;9672932224;B
20240221;100622;189.980000000;20;9672932495;B
20240221;100623;189.980000000;30;9672932546;B
20240221;100624;190.000000000;30;9672933062;B
20240221;100625;189.920000000;30;9672933115;S
20240221;100625;190.000000000;80;9672933137;B
20240221;100625;190.000000000;200;9672933168;B
20240221;100625;190.000000000;280;9672933284;B
20240221;100625;190.000000000;30;9672933333;B
20240221;100627;189.980000000;10;9672933931;B
20240221;100628;189.940000000;330;9672934036;S
20240221;100628;189.920000000;170;9672934037;S
20240221;100629;189.980000000;100;9672934537;B
20240221;100629;190.000000000;190;9672934538;B
20240221;100629;189.980000000;10;9672934609;B
20240221;100629;189.980000000;120;9672934646;B
20240221;100629;190.000000000;150;9672934647;B
20240221;100630;189.920000000;360;9672934797;S
20240221;100630;189.900000000;1580;9672934798;S
20240221;100630;189.900000000;60;9672934799;S
20240221;100631;190.000000000;50;9672935051;B
20240221;100631;189.980000000;1000;9672935204;S
20240221;100631;190.000000000;10;9672935205;B
20240221;100633;189.980000000;50;9672935750;S
20240221;100633;189.980000000;250;9672935795;S
20240221;100634;190.000000000;150;9672935914;B
20240221;100634;190.000000000;10;9672935970;B
20240221;100634;190.000000000;300;9672936014;B
20240221;100634;190.000000000;830;9672936053;B
20240221;100634;190.000000000;40;9672936097;B
20240221;100635;189.980000000;30;9672936289;S
20240221;100637;190.000000000;10;9672937044;B
20240221;100637;190.000000000;30;9672937073;B
20240221;100637;190.000000000;20;9672937107;B
20240221;100637;189.980000000;200;9672937200;S
20240221;100638;189.980000000;110;9672937291;S
20240221;100639;190.000000000;300;9672937501;B
20240221;100639;190.000000000;10;9672937552;B
20240221;100640;190.000000000;10;9672937833;B
20240221;100640;190.000000000;10;9672938041;B
20240221;100640;189.980000000;300;9672938053;S
20240221;100640;190.000000000;10;9672938061;B
20240221;100641;190.000000000;20;9672938263;B
20240221;100641;190.000000000;20;9672938464;B
20240221;100642;190.000000000;300;9672938552;B
20240221;100642;190.000000000;260;9672938771;B
20240221;100643;190.000000000;150;9672939091;B
20240221;100645;190.000000000;40;9672940034;B
20240221;100645;190.000000000;10;9672940146;B
20240221;100645;189.980000000;2010;9672940440;S
20240221;100646;190.000000000;120;9672940723;B
20240221;100646;190.000000000;80;9672940983;B
20240221;100646;190.000000000;180;9672941019;B
20240221;100647;190.000000000;350;9672941168;B
20240221;100647;190.000000000;10;9672941288;B
20240221;100647;189.980000000;200;9672941338;S
20240221;100648;190.000000000;90;9672941679;B
20240221;100648;189.980000000;450;9672941764;S
20240221;100649;190.000000000;140;9672942014;B
20240221;100649;190.000000000;10;9672942038;B
20240221;100650;190.000000000;90;9672942450;B
20240221;100650;190.000000000;290;9672942488;B
20240221;100651;189.980000000;10;9672942755;S
20240221;100652;190.000000000;50;9672942942;B
20240221;100652;189.980000000;1000;9672943039;S
20240221;100652;189.980000000;100;9672943126;S
20240221;100652;190.000000000;300;9672943191;B
20240221;100653;190.000000000;7870;9672943347;B
20240221;100653;190.000000000;5700;9672943348;B
20240221;100653;190.000000000;170;9672943349;B
20240221;100653;190.000000000;500;9672943350;B
20240221;100653;190.000000000;20;9672943351;B
20240221;100653;190.000000000;700;9672943352;B
20240221;100653;190.000000000;450;9672943353;B
20240221;100653;190.000000000;1580;9672943354;B
20240221;100653;190.020000000;20;9672943355;B
20240221;100653;190.020000000;10;9672943415;B
20240221;100653;190.000000000;20;9672943478;S
20240221;100654;190.000000000;2500;9672943669;S
20240221;100655;190.000000000;3000;9672943853;S
20240221;100656;190.000000000;10;9672944239;S
20240221;100656;190.020000000;120;9672944240;B
20240221;100657;190.060000000;790;9672944531;S
20240221;100657;190.040000000;230;9672944532;S
20240221;100657;190.020000000;170;9672944533;S
20240221;100657;190.020000000;530;9672944534;S
20240221;100657;190.000000000;280;9672944535;S
20240221;100659;190.080000000;10;9672945244;B
20240221;100701;190.020000000;10;9672945676;S
20240221;100702;190.080000000;20;9672946085;B
20240221;100704;190.020000000;40;9672946562;S
20240221;100704;190.000000000;3520;9672946563;S
20240221;100704;190.020000000;170;9672946630;S
20240221;100704;190.000000000;830;9672946631;S
20240221;100709;190.000000000;130;9672948284;S
20240221;100711;190.020000000;110;9672948567;S
20240221;100713;190.020000000;50;9672949104;S
20240221;100716;190.080000000;10;9672949957;B
20240221;100716;190.020000000;340;9672949979;S
20240221;100716;190.000000000;280;9672949980;S
20240221;100717;190.080000000;10;9672950232;B
20240221;100717;190.000000000;2010;9672950276;S
20240221;100720;190.080000000;40;9672951089;B
20240221;100720;190.000000000;3000;9672951143;S
20240221;100722;190.000000000;16000;9672951606;S
20240221;100723;190.000000000;200;9672951896;S
20240221;100725;190.060000000;100;9672952624;B
20240221;100725;190.080000000;120;9672952625;B
20240221;100725;190.080000000;280;9672952626;B
20240221;100725;190.000000000;800;9672952723;S
20240221;100726;190.000000000;30;9672952898;S
20240221;100727;190.000000000;400;9672953376;S
20240221;100727;190.000000000;10;9672953377;S
20240221;100727;190.000000000;1250;9672953378;S
20240221;100727;190.000000000;10;9672953379;S
20240221;100727;190.000000000;50;9672953380;S
20240221;100727;190.000000000;100;9672953381;S
20240221;100727;190.000000000;50;9672953382;S
20240221;100727;190.000000000;170;9672953383;S
20240221;100727;189.980000000;850;9672953384;S
20240221;100728;190.080000000;20;9672953636;B
20240221;100729;190.080000000;50;9672953760;B
20240221;100730;190.000000000;1000;9672953928;S
20240221;100730;190.000000000;250;9672954012;S
20240221;100730;190.000000000;10;9672954048;S
20240221;100735;190.000000000;30;9672955101;S
20240221;100735;190.000000000;90;9672955158;S
20240221;100736;190.080000000;150;9672955305;B
20240221;100738;190.000000000;50;9672955991;S
20240221;100738;190.080000000;30;9672956064;B
20240221;100739;190.000000000;20;9672956197;S
20240221;100742;190.060000000;250;9672957253;B
20240221;100742;190.060000000;130;9672957254;B
20240221;100745;190.080000000;10;9672958150;B
20240221;100747;190.020000000;20;9672958681;S
20240221;100747;190.020000000;290;9672958682;S
20240221;100747;190.000000000;100;9672958683;S
20240221;100747;190.000000000;1600;9672958684;S
20240221;100748;190.080000000;30;9672958840;B
20240221;100749;190.000000000;400;9672959152;S
20240221;100749;190.000000000;100;9672959153;S
20240221;100749;190.080000000;50;9672959222;B
20240221;100750;190.000000000;610;9672959576;S
20240221;100751;190.080000000;1240;9672959861;B
20240221;100751;190.080000000;530;9672959862;B
20240221;100751;190.080000000;40;9672959863;B
20240221;100753;190.020000000;140;9672960553;S
20240221;100753;190.000000000;1670;9672960554;S
20240221;100753;190.000000000;170;9672960555;S
20240221;100753;190.000000000;20;9672960556;S
20240221;100753;190.060000000;240;9672960613;B
20240221;100753;190.060000000;170;9672960614;B
20240221;100753;190.080000000;1580;9672960615;B
20240221;100753;190.080000000;120;9672960616;B
20240221;100753;190.000000000;10;9672960697;S
20240221;100754;190.000000000;160;9672960846;S
20240221;100754;190.000000000;170;9672960847;S
20240221;100754;189.980000000;1170;9672960848;S
20240221;100755;190.000000000;30;9672961189;B
20240221;100755;190.060000000;170;9672961190;B
20240221;100755;190.080000000;410;9672961191;B
20240221;100755;190.080000000;1580;9672961192;B
20240221;100755;190.080000000;1700;9672961193;B
20240221;100756;190.080000000;20;9672961700;B
20240221;100756;190.080000000;1010;9672961748;B
20240221;100756;190.080000000;430;9672961793;B
20240221;100757;190.000000000;250;9672962058;S
20240221;100757;190.080000000;60;9672962400;B
20240221;100757;190.080000000;470;9672962435;B
20240221;100757;190.080000000;260;9672962436;B
20240221;100757;190.100000000;160;9672962437;B
20240221;100758;190.080000000;10;9672962882;B
20240221;100758;190.080000000;300;9672962906;B
20240221;100758;190.080000000;120;9672962936;B
20240221;100759;190.020000000;160;9672962986;S
20240221;100759;190.000000000;40;9672962987;S
20240221;100759;190.080000000;170;9672963268;B
20240221;100759;190.080000000;50;9672963283;B
20240221;100800;190.060000000;110;9672963293;B
20240221;100802;190.060000000;60;9672964010;B
20240221;100802;190.060000000;30;9672964038;B
20240221;100803;189.980000000;60;9672964251;S
20240221;100803;190.000000000;100;9672964260;B
20240221;100804;189.980000000;100;9672964457;S
20240221;100805;190.000000000;10;9672964794;B
20240221;100805;190.000000000;30;9672964860;B
20240221;100806;189.980000000;10;9672965047;S
20240221;100806;190.000000000;30;9672965079;B
20240221;100806;190.000000000;30;9672965116;B
20240221;100806;190.000000000;30;9672965247;B
20240221;100807;190.000000000;30;9672965467;B
20240221;100807;190.000000000;100;9672965543;B
20240221;100808;190.000000000;150;9672965762;B
20240221;100808;190.000000000;30;9672965846;B
20240221;100808;189.980000000;50;9672965848;S
20240221;100808;190.000000000;30;9672965878;B
20240221;100809;189.980000000;10;9672966178;S
20240221;100809;190.000000000;30;9672966317;B
20240221;100810;189.980000000;30;9672966497;S
20240221;100811;190.000000000;30;9672966818;B
20240221;100814;189.980000000;200;9672967632;S
20240221;100814;190.000000000;240;9672967688;B
20240221;100814;190.000000000;290;9672967713;B
20240221;100815;190.000000000;60;9672967856;B
20240221;100816;190.000000000;60;9672968148;B
20240221;100816;190.000000000;30;9672968428;B
20240221;100816;189.980000000;70;9672968460;S
20240221;100817;189.980000000;1740;9672968607;S
20240221;100817;189.980000000;3260;9672968608;S
20240221;100817;190.000000000;30;9672968750;B
20240221;100817;190.000000000;10;9672968758;B
20240221;100818;189.980000000;10;9672969051;S
20240221;100819;189.980000000;160;9672969136;S
20240221;100819;190.000000000;50;9672969159;B
20240221;100819;190.000000000;30;9672969271;B
20240221;100820;189.980000000;10;9672969483;S
20240221;100820;190.000000000;90;9672969574;B
20240221;100820;190.000000000;130;9672969601;B
20240221;100820;190.000000000;80;9672969602;B
20240221;100821;189.980000000;10;9672969745;S
20240221;100821;189.980000000;600;9672969799;S
20240221;100822;190.000000000;10;9672969945;B
20240221;100823;189.980000000;250;9672970238;S
20240221;100824;190.000000000;20;9672970488;B
20240221;100824;189.980000000;20;9672970495;S
20240221;100825;189.980000000;10;9672970768;S
20240221;100826;190.000000000;300;9672971029;B
20240221;100826;190.000000000;10;9672971057;B
20240221;100826;190.000000000;490;9672971151;B
20240221;100826;190.000000000;50;9672971152;B
20240221;100826;190.000000000;460;9672971153;B
20240221;100826;189.980000000;30;9672971256;S
20240221;100827;189.980000000;100;9672971418;S
20240221;100828;190.000000000;10;9672971777;B
20240221;100830;189.980000000;100;9672972073;S
20240221;100831;190.000000000;30;9672972462;B
20240221;100832;189.980000000;20;9672972565;S
20240221;100833;190.000000000;30;9672973024;B
20240221;100833;190.000000000;30;9672973025;B
20240221;100834;190.000000000;30;9672973159;B
20240221;100834;190.000000000;10;9672973412;B
20240221;100836;189.980000000;30;9672973679;S
20240221;100836;190.000000000;430;9672973858;B
20240221;100836;190.000000000;570;9672973859;B
20240221;100837;189.980000000;200;9672974498;S
20240221;100837;190.000000000;200;9672975018;B
20240221;100837;190.000000000;20;9672975128;B
20240221;100838;190.000000000;260;9672975222;B
20240221;100838;190.000000000;30;9672975223;B
20240221;100838;190.000000000;500;9672975224;B
20240221;100838;190.020000000;150;9672975225;B
20240221;100838;189.980000000;10;9672975226;S
20240221;100838;189.980000000;10;9672975227;S
20240221;100838;189.980000000;20;9672975229;S
20240221;100838;189.980000000;150;9672975230;S
20240221;100838;189.980000000;110;9672975231;S
20240221;100839;189.980000000;30;9672975731;S
20240221;100840;190.000000000;100;9672975835;B
20240221;100841;189.980000000;10;9672976316;S
20240221;100841;189.980000000;20;9672976317;S
20240221;100841;189.980000000;10;9672976318;S
20240221;100842;189.980000000;20;9672976470;S
20240221;100842;189.980000000;10;9672976471;S
20240221;100842;189.980000000;20;9672976472;S
20240221;100842;189.980000000;10;9672976473;S
20240221;100842;189.900000000;20;9672976474;S
20240221;100842;189.900000000;100;9672976475;S
20240221;100842;189.880000000;30;9672976476;S
20240221;100842;190.000000000;10;9672976573;B
20240221;100843;189.880000000;150;9672976869;S
20240221;100843;189.820000000;50;9672976870;S
20240221;100843;189.820000000;280;9672976871;S
20240221;100843;189.800000000;20;9672976872;S
20240221;100844;189.820000000;20;9672976970;S
20240221;100844;189.800000000;30;9672976971;S
20240221;100844;189.800000000;50;9672976972;S
20240221;100844;189.800000000;10;9672976973;S
20240221;100844;189.800000000;160;9672976974;S
20240221;100845;189.800000000;30;9672977215;S
20240221;100845;189.800000000;60;9672977274;S
20240221;100848;189.780000000;10;9672977911;S
20240221;100848;189.780000000;20;9672977912;S
20240221;100848;189.780000000;20;9672977913;S
20240221;100848;189.780000000;20;9672977914;S
20240221;100848;189.780000000;180;9672977915;S
20240221;100848;189.760000000;170;9672977916;S
20240221;100849;189.760000000;20;9672978066;S
20240221;100849;189.720000000;80;9672978067;S
20240221;100849;189.860000000;60;9672978109;B
20240221;100849;189.720000000;80;9672978170;S
20240221;100849;189.700000000;10;9672978171;S
20240221;100849;189.700000000;110;9672978172;S
20240221;100850;189.680000000;100;9672978672;S
20240221;100850;189.660000000;120;9672978673;S
20240221;100851;189.820000000;170;9672978747;B
20240221;100851;189.840000000;500;9672978748;B
20240221;100851;189.860000000;10;9672978749;B
20240221;100851;189.840000000;10;9672978850;B
20240221;100851;189.840000000;10;9672978930;B
20240221;100851;189.860000000;170;9672978931;B
20240221;100851;189.860000000;20;9672978932;B
20240221;100855;189.920000000;90;9672979922;B
20240221;100855;189.920000000;500;9672979923;B
20240221;100855;189.940000000;410;9672979924;B
20240221;100859;189.780000000;30;9672981541;S
20240221;100901;189.920000000;50;9672982044;B
20240221;100901;189.780000000;10;9672982058;S
20240221;100906;189.780000000;40;9672983052;S
20240221;100907;189.880000000;20;9672983428;B
20240221;100907;189.880000000;500;9672983429;B
20240221;100907;189.900000000;80;9672983430;B
20240221;100910;189.780000000;70;9672984131;S
20240221;100910;189.740000000;130;9672984132;S
20240221;100911;189.740000000;10;9672984631;S
20240221;100925;189.740000000;10;9672988219;S
20240221;100926;189.740000000;150;9672988667;S
20240221;100926;189.740000000;600;9672988668;S
20240221;100926;189.720000000;170;9672988669;S
20240221;100926;189.700000000;10;9672988670;S
20240221;100926;189.680000000;80;9672988671;S
20240221;100926;189.680000000;50;9672988672;S
20240221;100926;189.680000000;390;9672988673;S
20240221;100927;189.700000000;460;9672988732;S
20240221;100930;189.700000000;430;9672989716;S
20240221;100930;189.700000000;890;9672989717;B
20240221;100933;189.680000000;500;9672990597;S
20240221;100934;189.680000000;390;9672991014;S
20240221;100934;189.660000000;210;9672991015;S
20240221;100935;189.680000000;100;9672991211;S
20240221;100936;189.680000000;250;9672991589;S
20240221;100940;189.660000000;10;9672993058;S
20240221;100940;189.680000000;20;9672993128;B
20240221;100941;189.660000000;40;9672993256;S
20240221;100941;189.660000000;40;9672993418;S
20240221;100944;189.680000000;10;9672993998;B
20240221;100946;189.680000000;50;9672994760;B
20240221;100946;189.680000000;30;9672994761;B
20240221;100947;189.640000000;30;9672994799;S
20240221;100947;189.620000000;20;9672994800;S
20240221;100947;189.620000000;100;9672994801;S
20240221;100947;189.620000000;10;9672994802;S
20240221;100947;189.620000000;10;9672994803;S
20240221;100947;189.600000000;150;9672994804;S
20240221;100947;189.600000000;100;9672994805;S
20240221;100947;189.600000000;130;9672994806;S
20240221;100947;189.580000000;70;9672994807;S
20240221;100947;189.580000000;170;9672994808;S
20240221;100947;189.560000000;10;9672994809;S
20240221;100947;189.560000000;320;9672994810;S
20240221;100947;189.540000000;100;9672994811;S
20240221;100947;189.540000000;50;9672994812;S
20240221;100947;189.540000000;20;9672994813;S
20240221;100947;189.540000000;1590;9672994814;S
20240221;100947;189.540000000;500;9672994815;S
20240221;100947;189.540000000;20;9672994816;S
20240221;100947;189.520000000;10;9672994817;S
20240221;100947;189.520000000;500;9672994818;S
20240221;100947;189.520000000;10;9672994819;S
20240221;100947;189.520000000;10;9672994820;S
20240221;100947;189.500000000;10;9672994821;S
20240221;100947;189.500000000;10;9672994822;S
20240221;100947;189.500000000;10;9672994823;S
20240221;100947;189.500000000;500;9672994824;S
20240221;100947;189.500000000;10;9672994825;S
20240221;100947;189.500000000;200;9672994826;S
20240221;100947;189.500000000;10;9672994827;S
20240221;100947;189.500000000;100;9672994828;S
20240221;100947;189.500000000;10;9672994829;S
20240221;100947;189.500000000;10;9672994830;S
20240221;100947;189.500000000;260;9672994831;S
20240221;100947;189.500000000;10;9672994832;S
20240221;100947;189.500000000;10;9672994833;S
20240221;100947;189.500000000;20;9672994834;S
20240221;100947;189.480000000;20;9672994835;S
20240221;100947;189.480000000;880;9672994836;S
20240221;100947;189.500000000;200;9672994905;S
20240221;100947;189.500000000;90;9672994944;S
20240221;100947;189.500000000;30;9672994945;S
20240221;100947;189.480000000;170;9672994946;S
20240221;100947;189.460000000;70;9672994947;S
20240221;100947;189.460000000;10;9672994948;S
20240221;100947;189.460000000;20;9672994949;S
20240221;100947;189.460000000;60;9672994950;S
20240221;100947;189.460000000;30;9672994951;S
20240221;100947;189.460000000;20;9672994999;S
20240221;100948;189.600000000;100;9672995051;B
20240221;100948;189.440000000;20;9672995063;S
20240221;100948;189.440000000;70;9672995064;S
20240221;100948;189.440000000;170;9672995065;S
20240221;100948;189.440000000;500;9672995066;S
20240221;100948;189.420000000;240;9672995067;S
20240221;100949;189.480000000;970;9672995371;B
20240221;100949;189.500000000;30;9672995372;B
20240221;100950;189.580000000;20;9672995780;B
20240221;100951;189.580000000;50;9672996194;B
20240221;100952;189.580000000;10;9672996562;B
20240221;100953;189.440000000;10;9672996931;S
20240221;100955;189.440000000;100;9672997259;S
20240221;100955;189.440000000;500;9672997260;S
20240221;100955;189.420000000;260;9672997261;S
20240221;100955;189.420000000;1140;9672997262;S
20240221;100955;189.420000000;30;9672997264;S
20240221;100957;189.420000000;10;9672997860;S
20240221;100958;189.560000000;10;9672998007;B
20240221;100958;189.560000000;20;9672998069;B
20240221;100958;189.420000000;20;9672998116;S
20240221;101000;189.420000000;10;9672998575;S
20240221;101000;189.420000000;70;9672998602;S
20240221;101000;189.420000000;30;9672998608;S
20240221;101000;189.420000000;40;9672998609;S
20240221;101000;189.560000000;10;9672998617;B
20240221;101000;189.420000000;180;9672998638;S
20240221;101000;189.420000000;110;9672998643;S
20240221;101000;189.420000000;110;9672998645;S
20240221;101000;189.420000000;40;9672998678;S
20240221;101000;189.420000000;70;9672998679;S
20240221;101000;189.560000000;130;9672998708;B
20240221;101000;189.560000000;170;9672998709;B
20240221;101001;189.460000000;170;9672999000;S
20240221;101001;189.460000000;330;9672999001;S
20240221;101002;189.420000000;70;9672999173;S
20240221;101002;189.420000000;70;9672999175;S
20240221;101002;189.420000000;110;9672999184;S
20240221;101002;189.420000000;180;9672999204;S
20240221;101002;189.420000000;110;9672999220;S
20240221;101002;189.400000000;10;9672999263;S
20240221;101002;189.400000000;100;9672999264;S
20240221;101002;189.440000000;20;9672999525;B
20240221;101003;189.560000000;170;9672999574;B
20240221;101003;189.580000000;100;9672999575;B
20240221;101003;189.460000000;500;9672999663;S
20240221;101003;189.600000000;20;9672999675;B
20240221;101005;189.600000000;10;9673000308;B
20240221;101005;189.600000000;10;9673000423;B
20240221;101006;189.480000000;100;9673000600;S
20240221;101006;189.460000000;20;9673000601;S
20240221;101006;189.600000000;10;9673000625;B
20240221;101006;189.600000000;10;9673000716;B
20240221;101007;189.620000000;10;9673000940;B
20240221;101007;189.620000000;10;9673001056;B
20240221;101008;189.620000000;20;9673001308;B
20240221;101008;189.500000000;10;9673001364;S
20240221;101009;189.620000000;10;9673001591;B
20240221;101010;189.620000000;120;9673001877;B
20240221;101010;189.640000000;330;9673001878;B
20240221;101010;189.660000000;50;9673001879;B
20240221;101011;189.600000000;30;9673002021;S
20240221;101011;189.580000000;170;9673002022;S
20240221;101012;189.500000000;30;9673002345;S
20240221;101012;189.500000000;40;9673002346;S
20240221;101012;189.480000000;230;9673002347;S
20240221;101012;189.500000000;170;9673002409;S
20240221;101012;189.460000000;170;9673002410;S
20240221;101012;189.440000000;50;9673002411;S
20240221;101012;189.440000000;1110;9673002412;S
20240221;101014;189.460000000;10;9673003475;S
20240221;101015;189.600000000;100;9673003758;B
20240221;101015;189.600000000;10;9673003842;B
20240221;101017;189.460000000;160;9673004433;S
20240221;101017;189.460000000;80;9673004434;S
20240221;101017;189.440000000;60;9673004435;S
20240221;101017;189.460000000;170;9673004543;S
20240221;101017;189.440000000;1520;9673004544;S
20240221;101017;189.420000000;1310;9673004545;S
20240221;101017;189.420000000;10;9673004546;S
20240221;101017;189.400000000;250;9673004547;S
20240221;101017;189.400000000;10;9673004548;S
20240221;101017;189.400000000;10;9673004549;S
20240221;101017;189.380000000;20;9673004550;S
20240221;101017;189.340000000;400;9673004551;S
20240221;101017;189.320000000;30;9673004552;S
20240221;101017;189.320000000;700;9673004553;S
20240221;101017;189.320000000;3760;9673004554;S
20240221;101017;189.300000000;200;9673004555;S
20240221;101017;189.300000000;20;9673004556;S
20240221;101017;189.300000000;650;9673004557;B
20240221;101017;189.300000000;720;9673004558;B
20240221;101017;189.300000000;220;9673004559;B
20240221;101018;189.520000000;10;9673004838;B
20240221;101022;189.340000000;50;9673005617;S
20240221;101022;189.480000000;10;9673005673;B
20240221;101023;189.480000000;60;9673005973;B
20240221;101024;189.480000000;10;9673006316;B
20240221;101025;189.460000000;10;9673006532;S
20240221;101026;189.480000000;30;9673006799;B
20240221;101026;189.340000000;900;9673006818;S
20240221;101026;189.480000000;60;9673006853;B
20240221;101026;189.480000000;80;9673006885;B
20240221;101026;189.480000000;60;9673006891;S
20240221;101026;189.480000000;10;9673006894;B
20240221;101026;189.500000000;20;9673007302;B
20240221;101026;189.500000000;10;9673007303;B
20240221;101026;189.360000000;10;9673007323;S
20240221;101027;189.360000000;160;9673007355;S
20240221;101027;189.340000000;20;9673007356;S
20240221;101027;189.500000000;60;9673007414;B
20240221;101027;189.500000000;10;9673007447;B
20240221;101028;189.500000000;90;9673007680;B
20240221;101028;189.520000000;290;9673007681;B
20240221;101028;189.520000000;620;9673007682;B
20240221;101028;189.440000000;50;9673007851;S
20240221;101028;189.380000000;180;9673007852;S
20240221;101029;189.520000000;20;9673008080;B
20240221;101029;189.380000000;1580;9673008255;S
20240221;101029;189.380000000;170;9673008256;S
20240221;101029;189.360000000;190;9673008257;S
20240221;101029;189.340000000;10;9673008258;S
20240221;101029;189.340000000;100;9673008259;S
20240221;101030;189.500000000;170;9673008438;B
20240221;101030;189.500000000;60;9673008478;S
20240221;101030;189.520000000;10;9673008570;B
20240221;101032;189.460000000;570;9673009046;B
20240221;101032;189.380000000;50;9673009161;S
20240221;101032;189.360000000;10;9673009162;S
20240221;101032;189.360000000;50;9673009163;S
20240221;101032;189.360000000;50;9673009164;S
20240221;101032;189.320000000;100;9673009165;S
20240221;101032;189.320000000;100;9673009166;S
20240221;101032;189.320000000;1310;9673009167;S
20240221;101032;189.300000000;170;9673009168;S
20240221;101032;189.280000000;20;9673009169;S
20240221;101032;189.260000000;300;9673009170;S
20240221;101032;189.260000000;90;9673009171;S
20240221;101032;189.240000000;30;9673009172;S
20240221;101032;189.220000000;10;9673009173;S
20240221;101032;189.220000000;50;9673009174;S
20240221;101032;189.220000000;20;9673009175;S
20240221;101032;189.220000000;530;9673009176;S
20240221;101032;189.220000000;1580;9673009177;S
20240221;101032;189.220000000;520;9673009178;S
20240221;101032;189.200000000;10;9673009179;S
20240221;101032;189.200000000;20;9673009180;S
20240221;101032;189.200000000;180;9673009181;S
20240221;101032;189.200000000;250;9673009182;S
20240221;101032;189.200000000;1000;9673009183;S
20240221;101032;189.200000000;10;9673009184;S
20240221;101032;189.200000000;300;9673009185;S
20240221;101032;189.200000000;10;9673009186;S
20240221;101032;189.180000000;2600;9673009187;S
20240221;101032;189.140000000;20;9673009188;S
20240221;101032;189.140000000;500;9673009189;S
20240221;101032;189.100000000;110;9673009190;S
20240221;101033;189.140000000;100;9673009235;S
20240221;101034;189.200000000;100;9673009380;S
20240221;101034;189.180000000;1300;9673009381;S
20240221;101034;189.300000000;170;9673009554;B
20240221;101034;189.300000000;10;9673009555;B
20240221;101034;189.320000000;50;9673009556;B
20240221;101034;189.340000000;170;9673009557;B
20240221;101035;189.300000000;40;9673009595;B
20240221;101035;189.280000000;10;9673009674;B
20240221;101035;189.360000000;10;9673009897;B
20240221;101035;189.360000000;280;9673009898;B
20240221;101036;189.360000000;90;9673010354;B
20240221;101037;189.360000000;50;9673010419;B
20240221;101037;189.380000000;10;9673010420;B
20240221;101037;189.380000000;30;9673010494;B
20240221;101037;189.380000000;90;9673010514;B
20240221;101037;189.380000000;30;9673010633;B
20240221;101037;189.380000000;20;9673010720;B
20240221;101038;189.380000000;10;9673010896;B
20240221;101038;189.380000000;10;9673010897;B
20240221;101039;189.260000000;10;9673011192;S
20240221;101039;189.240000000;170;9673011193;S
20240221;101039;189.240000000;50;9673011194;S
20240221;101039;189.220000000;1320;9673011195;S
20240221;101039;189.160000000;10;9673011196;S
20240221;101039;189.160000000;10;9673011197;S
20240221;101039;189.160000000;20;9673011198;S
20240221;101039;189.160000000;10;9673011199;B
20240221;101040;189.120000000;140;9673011732;S
20240221;101040;189.100000000;60;9673011733;S
20240221;101040;189.160000000;820;9673011747;B
20240221;101041;189.160000000;240;9673012391;B
20240221;101042;189.120000000;80;9673012659;S
20240221;101042;189.160000000;30;9673012844;B
20240221;101043;189.140000000;400;9673012903;S
20240221;101043;189.140000000;100;9673012918;S
20240221;101043;189.120000000;80;9673012919;S
20240221;101044;189.120000000;150;9673013311;S
20240221;101046;189.100000000;60;9673014082;S
20240221;101047;189.100000000;770;9673014405;S
20240221;101047;189.100000000;300;9673014406;S
20240221;101047;189.080000000;10;9673014407;S
20240221;101047;189.080000000;10;9673014408;S
20240221;101047;189.060000000;10;9673014409;S
20240221;101047;189.060000000;20;9673014410;S
20240221;101047;189.040000000;10;9673014411;S
20240221;101047;189.040000000;10;9673014412;S
20240221;101047;189.040000000;170;9673014413;S
20240221;101047;189.020000000;10;9673014414;S
20240221;101047;189.020000000;10;9673014415;S
20240221;101047;189.020000000;530;9673014416;S
20240221;101047;189.020000000;70;9673014417;S
20240221;101047;189.020000000;270;9673014418;S
20240221;101047;189.020000000;310;9673014462;S
20240221;101048;189.120000000;20;9673014609;B
20240221;101050;189.020000000;1000;9673015216;S
20240221;101050;189.020000000;530;9673015217;S
20240221;101050;189.020000000;1320;9673015218;S
20240221;101050;189.000000000;4000;9673015219;S
20240221;101050;189.000000000;20;9673015220;S
20240221;101050;189.000000000;30;9673015221;S
20240221;101050;189.000000000;50;9673015222;S
20240221;101050;189.000000000;10;9673015223;S
20240221;101050;189.000000000;10;9673015224;S
20240221;101050;189.000000000;1000;9673015225;S
20240221;101050;189.000000000;10;9673015226;S
20240221;101050;189.000000000;10;9673015227;S
20240221;101050;189.000000000;500;9673015228;S
20240221;101050;189.000000000;10;9673015229;S
20240221;101050;189.000000000;10;9673015230;S
20240221;101050;189.000000000;30;9673015231;S
20240221;101050;189.000000000;10;9673015232;S
20240221;101050;189.000000000;50;9673015233;S
20240221;101050;189.000000000;20;9673015234;S
20240221;101050;189.000000000;20;9673015235;S
20240221;101050;189.000000000;50;9673015236;S
20240221;101050;189.000000000;10;9673015237;S
20240221;101050;189.000000000;20;9673015238;S
20240221;101050;189.000000000;10;9673015239;S
20240221;101050;189.000000000;10;9673015240;S
20240221;101050;189.000000000;10;9673015241;S
20240221;101050;189.000000000;60;9673015242;S
20240221;101050;189.000000000;10;9673015243;S
20240221;101050;189.000000000;10;9673015244;S
20240221;101050;189.000000000;10;9673015245;S
20240221;101050;189.000000000;200;9673015246;S
20240221;101050;189.000000000;10;9673015247;S
20240221;101050;189.000000000;10;9673015248;S
20240221;101050;189.000000000;30;9673015249;S
20240221;101050;189.000000000;10;9673015250;S
20240221;101050;189.000000000;10;9673015251;S
20240221;101050;189.000000000;10;9673015252;S
20240221;101050;189.000000000;540;9673015253;S
20240221;101050;189.000000000;10;9673015254;S
20240221;101050;189.000000000;330;9673015255;S
20240221;101050;189.020000000;350;9673015403;S
20240221;101050;189.020000000;200;9673015418;S
20240221;101050;189.000000000;20;9673015426;S
20240221;101051;189.080000000;10;9673015516;B
20240221;101051;189.000000000;10;9673015556;S
20240221;101052;189.060000000;60;9673015658;S
20240221;101052;189.000000000;20;9673015814;S
20240221;101052;189.000000000;10;9673015815;S
20240221;101052;189.000000000;10;9673015816;S
20240221;101052;189.000000000;100;9673015817;S
20240221;101052;189.000000000;10;9673015818;S
20240221;101052;189.000000000;30;9673015819;S
20240221;101052;189.000000000;250;9673015820;S
20240221;101052;189.000000000;10;9673015821;S
20240221;101052;188.980000000;20;9673015822;S
20240221;101052;188.920000000;140;9673015823;S
20240221;101052;188.920000000;1180;9673015990;S
20240221;101052;188.900000000;10;9673015991;S
20240221;101052;188.900000000;20;9673015992;S
20240221;101052;188.880000000;10;9673015993;S
20240221;101052;188.880000000;20;9673015994;S
20240221;101052;188.880000000;50;9673015995;S
20240221;101052;188.880000000;10;9673015996;S
20240221;101052;188.880000000;10;9673015997;S
20240221;101052;188.880000000;10;9673015998;S
20240221;101052;188.880000000;20;9673015999;S
20240221;101052;188.860000000;80;9673016000;S
20240221;101052;188.840000000;10;9673016001;S
20240221;101052;188.840000000;140;9673016002;S
20240221;101052;188.840000000;10;9673016003;S
20240221;101052;188.840000000;10;9673016004;S
20240221;101052;188.840000000;30;9673016005;S
20240221;101052;188.820000000;10;9673016006;S
20240221;101052;188.820000000;20;9673016007;S
20240221;101052;188.820000000;180;9673016008;S
20240221;101052;188.820000000;170;9673016009;S
20240221;101052;188.800000000;10;9673016010;S
20240221;101052;188.800000000;90;9673016011;S
20240221;101052;188.800000000;10;9673016012;S
20240221;101052;188.780000000;530;9673016013;S
20240221;101052;188.780000000;1580;9673016014;S
20240221;101052;188.760000000;10;9673016015;S
20240221;101052;188.760000000;5000;9673016016;S
20240221;101052;188.740000000;10;9673016017;S
20240221;101052;188.740000000;10;9673016018;S
20240221;101052;188.740000000;10;9673016019;S
20240221;101052;188.740000000;40;9673016020;S
20240221;101052;188.740000000;10;9673016021;S
20240221;101052;188.740000000;10;9673016022;S
20240221;101052;188.720000000;10;9673016023;S
20240221;101052;188.720000000;500;9673016024;S
20240221;101052;188.700000000;5000;9673016025;S
20240221;101052;188.700000000;10;9673016026;S
20240221;101052;188.680000000;10;9673016027;S
20240221;101052;188.680000000;10;9673016028;S
20240221;101052;188.640000000;110;9673016029;S
20240221;101052;188.640000000;10;9673016030;S
20240221;101052;188.640000000;130;9673016031;S
20240221;101052;188.720000000;100;9673016092;S
20240221;101052;188.800000000;10;9673016117;B
20240221;101053;188.800000000;160;9673016192;B
20240221;101053;188.820000000;20;9673016193;B
20240221;101053;188.920000000;10;9673016194;B
20240221;101053;188.920000000;70;9673016225;B
20240221;101053;188.920000000;100;9673016226;B
20240221;101053;188.940000000;10;9673016227;B
20240221;101053;188.920000000;50;9673016270;B
20240221;101053;189.020000000;10;9673016279;B
20240221;101053;188.960000000;110;9673016306;B
20240221;101053;188.960000000;20;9673016312;B
20240221;101053;188.980000000;30;9673016313;B
20240221;101053;188.980000000;110;9673016346;B
20240221;101054;188.960000000;100;9673016543;B
20240221;101054;188.980000000;10;9673016544;B
20240221;101054;189.000000000;110;9673016552;B
20240221;101054;189.000000000;110;9673016573;B
20240221;101054;189.000000000;110;9673016590;B
20240221;101054;189.000000000;50;9673016601;B
20240221;101055;188.820000000;30;9673016728;S
20240221;101055;188.980000000;30;9673016771;B
20240221;101055;189.000000000;80;9673016772;B
20240221;101055;189.000000000;110;9673016802;B
20240221;101056;188.860000000;70;9673016952;S
20240221;101057;189.000000000;40;9673017227;B
20240221;101057;189.000000000;70;9673017228;B
20240221;101057;189.060000000;110;9673017234;B
20240221;101057;189.060000000;20;9673017276;S
20240221;101057;189.040000000;230;9673017281;B
20240221;101057;189.040000000;130;9673017282;B
20240221;101057;189.040000000;110;9673017283;B
20240221;101057;189.040000000;10;9673017291;B
20240221;101100;189.080000000;320;9673018004;B
20240221;101101;189.100000000;230;9673018094;S
20240221;101101;189.100000000;100;9673018095;S
20240221;101106;189.100000000;300;9673019224;S
20240221;101106;189.100000000;50;9673019278;S
20240221;101107;189.100000000;30;9673019530;S
20240221;101107;189.100000000;210;9673019538;S
20240221;101108;189.100000000;760;9673019744;S
20240221;101108;189.060000000;50;9673019745;S
20240221;101108;189.060000000;10;9673019828;B
20240221;101109;189.020000000;530;9673019970;S
20240221;101109;189.020000000;1580;9673019971;S
20240221;101109;189.000000000;7840;9673019972;S
20240221;101109;189.000000000;10;9673019973;S
20240221;101109;189.000000000;30;9673019974;S
20240221;101109;189.000000000;10;9673019975;S
20240221;101110;189.020000000;240;9673020204;S
20240221;101110;189.020000000;10;9673020224;S
20240221;101110;189.060000000;30;9673020336;B
20240221;101113;189.020000000;1330;9673020968;S
20240221;101113;189.000000000;810;9673020969;S
20240221;101114;189.000000000;20;9673021386;S
20240221;101114;189.060000000;1910;9673021396;B
20240221;101114;189.100000000;30;9673021397;B
20240221;101114;189.120000000;60;9673021398;B
20240221;101118;189.000000000;500;9673022166;S
20240221;101120;189.000000000;500;9673022594;S
20240221;101125;189.000000000;110;9673024196;S
20240221;101125;189.080000000;150;9673024271;B
20240221;101125;189.080000000;90;9673024272;S
20240221;101125;189.080000000;60;9673024273;S
20240221;101126;189.000000000;120;9673024502;S
20240221;101127;189.000000000;120;9673024664;S
20240221;101127;189.000000000;10;9673024665;S
20240221;101127;189.000000000;50;9673024666;S
20240221;101134;189.100000000;480;9673026445;B
20240221;101137;189.060000000;10;9673026971;S
20240221;101137;189.040000000;170;9673026972;S
20240221;101137;189.020000000;20;9673026973;S
20240221;101139;189.100000000;10;9673027423;B
20240221;101140;189.020000000;40;9673027711;S
20240221;101140;189.100000000;10;9673027712;B
20240221;101141;189.100000000;30;9673027836;B
20240221;101141;189.020000000;1000;9673027927;S
20240221;101143;189.000000000;3980;9673028447;S
20240221;101143;189.000000000;10;9673028448;S
20240221;101143;189.000000000;10;9673028449;S
20240221;101144;189.040000000;10;9673028605;B
20240221;101144;189.040000000;30;9673028752;B
20240221;101146;189.000000000;70;9673029150;S
20240221;101148;189.000000000;140;9673029424;S
20240221;101148;189.000000000;790;9673029426;S
20240221;101148;189.060000000;2620;9673029704;B
20240221;101149;189.000000000;100;9673029891;S
20240221;101152;189.000000000;380;9673030498;S
20240221;101152;189.000000000;10;9673030623;S
20240221;101154;189.000000000;500;9673031048;S
20240221;101154;189.000000000;1000;9673031100;S
20240221;101155;189.040000000;20;9673031345;B
20240221;101156;189.000000000;30;9673031591;S
20240221;101157;189.000000000;1000;9673031826;S
20240221;101158;189.040000000;10;9673032114;B
20240221;101159;189.000000000;10;9673032305;S
20240221;101201;189.000000000;400;9673032722;S
20240221;101203;189.040000000;10;9673033071;B
20240221;101204;189.000000000;50;9673033236;S
20240221;101204;189.040000000;30;9673033278;B
20240221;101206;189.040000000;270;9673033806;B
20240221;101206;189.040000000;160;9673033948;B
20240221;101206;189.040000000;90;9673033949;B
20240221;101206;189.040000000;100;9673033950;S
20240221;101206;189.060000000;90;9673034134;B
20240221;101207;189.000000000;510;9673034291;S
20240221;101207;189.060000000;30;9673034359;B
20240221;101209;189.040000000;90;9673034933;B
20240221;101209;189.060000000;60;9673034934;B
20240221;101210;189.040000000;10;9673035445;B
20240221;101211;189.040000000;20;9673035531;B
20240221;101211;189.040000000;30;9673035651;B
20240221;101211;189.000000000;30;9673035657;S
20240221;101211;189.000000000;1010;9673035658;S
20240221;101211;189.000000000;10;9673035659;S
20240221;101211;189.000000000;10;9673035660;S
20240221;101211;189.000000000;50;9673035661;S
20240221;101211;189.000000000;10;9673035662;S
20240221;101211;189.000000000;10;9673035663;S
20240221;101211;189.000000000;1100;9673035664;S
20240221;101211;189.000000000;1030;9673035666;S
20240221;101211;189.020000000;30;9673035699;B
20240221;101211;189.000000000;10;9673035730;S
20240221;101211;189.000000000;60;9673035731;S
20240221;101211;189.000000000;270;9673035742;S
20240221;101211;189.000000000;270;9673035743;S
20240221;101214;189.000000000;120;9673036582;S
20240221;101218;189.020000000;90;9673037441;B
20240221;101218;189.040000000;940;9673037442;B
20240221;101218;189.060000000;200;9673037443;B
20240221;101218;189.060000000;100;9673037444;B
20240221;101218;189.080000000;170;9673037445;B
20240221;101218;189.080000000;1500;9673037446;B
20240221;101220;189.080000000;30;9673037661;B
20240221;101220;189.080000000;180;9673037727;B
20240221;101222;189.080000000;30;9673038284;B
20240221;101223;189.000000000;100;9673038590;S
20240221;101223;189.080000000;30;9673038721;B
20240221;101224;189.020000000;170;9673038878;S
20240221;101224;189.000000000;830;9673038879;S
20240221;101224;189.080000000;30;9673039083;B
20240221;101224;189.000000000;10;9673039099;S
20240221;101226;189.080000000;60;9673039622;B
20240221;101227;189.080000000;80;9673039672;B
20240221;101227;189.080000000;100;9673039673;B
20240221;101227;189.100000000;520;9673039674;B
20240221;101229;189.080000000;100;9673040417;B
20240221;101229;189.080000000;810;9673040418;S
20240221;101229;189.080000000;10;9673040568;S
20240221;101229;189.080000000;490;9673040604;S
20240221;101230;189.100000000;200;9673040765;B
20240221;101230;189.080000000;10;9673040842;S
20240221;101230;189.100000000;150;9673041155;B
20240221;101230;189.100000000;90;9673041191;B
20240221;101233;189.100000000;10;9673041974;B
20240221;101234;189.100000000;10;9673042191;B
20240221;101234;189.080000000;10;9673042262;S
20240221;101234;189.100000000;70;9673042274;B
20240221;101235;189.080000000;360;9673042526;S
20240221;101236;189.100000000;60;9673042944;B
20240221;101236;189.100000000;50;9673042982;B
20240221;101236;189.080000000;350;9673043000;S
20240221;101237;189.100000000;300;9673043137;B
20240221;101237;189.100000000;290;9673043181;B
20240221;101237;189.080000000;10;9673043218;S
20240221;101237;189.100000000;250;9673043219;B
20240221;101238;189.080000000;500;9673043510;S
20240221;101238;189.080000000;20;9673043511;S
20240221;101238;189.080000000;100;9673043534;S
20240221;101239;189.080000000;20;9673043599;S
20240221;101240;189.080000000;30;9673043756;S
20240221;101240;189.080000000;10;9673043896;S
20240221;101240;189.080000000;10;9673043898;S
20240221;101240;189.080000000;1000;9673043926;S
20240221;101241;189.080000000;10;9673043965;S
20240221;101241;189.100000000;60;9673044095;B
20240221;101241;189.080000000;250;9673044228;S
20240221;101241;189.020000000;170;9673044229;S
20240221;101241;189.020000000;10;9673044230;S
20240221;101241;189.000000000;470;9673044231;S
20240221;101242;189.080000000;20;9673044357;B
20240221;101242;189.080000000;60;9673044576;B
20240221;101244;189.000000000;500;9673045035;S
20240221;101246;189.080000000;30;9673045620;B
20240221;101246;189.060000000;60;9673045867;B
20240221;101249;189.080000000;50;9673046817;B
20240221;101249;189.060000000;10;9673046946;S
20240221;101249;189.000000000;200;9673046947;S
20240221;101249;189.000000000;20;9673046948;S
20240221;101249;189.000000000;40;9673046949;S
20240221;101249;189.080000000;10;9673046957;B
20240221;101250;189.080000000;60;9673047103;B
20240221;101250;189.080000000;60;9673047543;B
20240221;101250;189.080000000;120;9673047589;B
20240221;101251;189.020000000;100;9673048057;S
20240221;101251;189.080000000;20;9673048105;B
20240221;101251;189.080000000;260;9673048140;B
20240221;101251;189.080000000;30;9673048308;B
20240221;101251;189.080000000;30;9673048338;B
20240221;101252;189.080000000;40;9673048728;B
20240221;101252;189.080000000;20;9673048743;S
20240221;101253;189.060000000;1000;9673049197;S
20240221;101255;189.080000000;20;9673049931;S
20240221;101255;189.080000000;10;9673049932;S
20240221;101300;189.100000000;100;9673051036;B
20240221;101300;189.100000000;540;9673051188;B
20240221;101303;189.100000000;10;9673051905;B
20240221;101306;189.060000000;40;9673052492;S
20240221;101306;189.060000000;10;9673052493;S
20240221;101307;189.080000000;10;9673052649;B
20240221;101309;189.080000000;10;9673053226;B
20240221;101309;189.100000000;40;9673053227;B
20240221;101311;189.060000000;20;9673053710;B
20240221;101311;189.060000000;30;9673053748;B
20240221;101312;189.040000000;30;9673053941;S
20240221;101313;189.080000000;30;9673054384;B
20240221;101313;189.100000000;120;9673054385;B
20240221;101314;189.040000000;450;9673054685;S
20240221;101315;189.100000000;90;9673054937;B
20240221;101315;189.100000000;20;9673054982;B
20240221;101315;189.100000000;20;9673055036;B
20240221;101315;189.100000000;150;9673055081;B
20240221;101316;189.100000000;290;9673055184;B
20240221;101316;189.100000000;1030;9673055217;B
20240221;101316;189.100000000;280;9673055537;B
20240221;101317;189.100000000;220;9673055677;B
20240221;101317;189.100000000;60;9673055678;B
20240221;101317;189.100000000;30;9673055708;B
20240221;101318;189.060000000;120;9673055939;B
20240221;101320;189.040000000;150;9673056662;S
20240221;101322;189.040000000;1400;9673056974;S
20240221;101324;189.040000000;120;9673057492;B
20240221;101324;189.060000000;1080;9673057493;B
20240221;101324;189.100000000;410;9673057494;B
20240221;101324;189.100000000;390;9673057495;B
20240221;101330;189.100000000;30;9673058929;B
20240221;101332;189.040000000;10;9673059348;S
20240221;101332;189.040000000;100;9673059349;S
20240221;101332;189.040000000;120;9673059511;S
20240221;101333;189.020000000;40;9673059893;S
20240221;101334;189.040000000;130;9673060041;B
20240221;101334;189.040000000;70;9673060042;B
20240221;101335;189.020000000;10720;9673060213;S
20240221;101335;189.020000000;10;9673060214;S
20240221;101335;189.020000000;20;9673060215;S
20240221;101335;189.020000000;250;9673060216;S
20240221;101335;189.020000000;10;9673060299;S
20240221;101340;189.040000000;10;9673061655;B
20240221;101343;189.060000000;10;9673062154;B
20240221;101343;189.020000000;20;9673062375;S
20240221;101344;189.020000000;340;9673062572;S
20240221;101344;189.020000000;10;9673062573;S
20240221;101344;189.020000000;150;9673062574;S
20240221;101345;189.060000000;10;9673062817;B
20240221;101345;189.060000000;140;9673062858;B
20240221;101345;189.040000000;10;9673062868;S
20240221;101345;189.040000000;20;9673062869;S
20240221;101346;189.040000000;10;9673063119;S
20240221;101346;189.060000000;50;9673063235;B
20240221;101347;189.040000000;500;9673063476;S
20240221;101347;189.040000000;20;9673063593;S
20240221;101347;189.020000000;80;9673063594;S
20240221;101348;189.060000000;160;9673063650;B
20240221;101349;189.040000000;10;9673064101;B
20240221;101350;189.020000000;10;9673064374;S
20240221;101350;189.020000000;200;9673064376;S
20240221;101350;189.020000000;400;9673064485;S
20240221;101351;189.020000000;80;9673064629;S
20240221;101351;189.020000000;10;9673064630;S
20240221;101352;189.020000000;90;9673064882;S
20240221;101352;189.020000000;70;9673064883;S
20240221;101352;189.020000000;10;9673064884;S
20240221;101353;189.020000000;40;9673065140;S
20240221;101354;189.040000000;1310;9673065273;B
20240221;101354;189.060000000;230;9673065274;B
20240221;101354;189.060000000;460;9673065275;B
20240221;101354;189.040000000;10;9673065427;B
20240221;101356;189.040000000;10;9673065943;B
20240221;101357;189.040000000;500;9673066297;B
20240221;101358;189.020000000;10;9673066584;S
20240221;101400;189.060000000;240;9673066969;B
20240221;101401;189.020000000;70;9673067349;S
20240221;101401;189.020000000;4920;9673067350;S
20240221;101401;189.020000000;10;9673067351;S
20240221;101402;189.060000000;10;9673067435;B
20240221;101402;189.020000000;10;9673067493;S
20240221;101402;189.060000000;150;9673067590;B
20240221;101404;189.060000000;10;9673068028;B
20240221;101406;189.020000000;1000;9673068590;S
20240221;101406;189.020000000;10;9673068611;S
20240221;101407;189.040000000;10;9673068619;B
20240221;101407;189.040000000;20;9673068687;B
20240221;101409;189.040000000;10;9673069148;B
20240221;101410;189.040000000;10;9673069580;B
20240221;101410;189.020000000;20;9673069581;S
20240221;101411;189.020000000;200;9673070143;S
20240221;101411;189.040000000;90;9673070385;B
20240221;101411;189.040000000;360;9673070425;B
20240221;101413;189.020000000;10;9673071016;S
20240221;101413;189.020000000;100;9673071102;S
20240221;101415;189.040000000;10;9673071608;B
20240221;101417;189.040000000;10;9673072105;B
20240221;101418;189.040000000;90;9673072475;B
20240221;101418;189.040000000;110;9673072476;B
20240221;101418;189.020000000;20;9673072501;S
20240221;101419;189.020000000;600;9673072675;S
20240221;101419;189.020000000;10;9673072787;S
20240221;101419;189.020000000;100;9673072788;S
20240221;101419;189.020000000;110;9673072789;S
20240221;101423;189.040000000;10;9673073548;S
20240221;101423;189.040000000;10;9673073549;S
20240221;101423;189.040000000;10;9673073554;S
20240221;101423;189.020000000;190;9673073582;S
20240221;101425;189.040000000;120;9673074213;B
20240221;101425;189.060000000;180;9673074214;B
20240221;101425;189.060000000;20;9673074261;B
20240221;101425;189.060000000;70;9673074262;B
20240221;101425;189.080000000;210;9673074263;B
20240221;101427;189.100000000;20;9673074776;B
20240221;101427;189.100000000;30;9673074880;B
20240221;101428;189.100000000;30;9673075061;B
20240221;101428;189.100000000;300;9673075064;B
20240221;101428;189.100000000;200;9673075163;B
20240221;101428;189.100000000;100;9673075164;B
20240221;101428;189.100000000;10;9673075231;B
20240221;101428;189.100000000;190;9673075323;B
20240221;101428;189.100000000;20;9673075324;B
20240221;101428;189.100000000;90;9673075325;B
20240221;101429;189.100000000;300;9673075459;B
20240221;101429;189.100000000;110;9673075498;B
20240221;101429;189.140000000;10;9673075499;B
20240221;101429;189.220000000;120;9673075500;B
20240221;101429;189.240000000;10;9673075501;B
20240221;101429;189.100000000;100;9673075502;S
20240221;101429;189.120000000;10;9673075533;S
20240221;101429;189.180000000;100;9673075542;S
20240221;101429;189.260000000;60;9673075654;B
20240221;101429;189.280000000;100;9673075655;B
20240221;101429;189.280000000;20;9673075656;S
20240221;101429;189.280000000;120;9673075657;S
20240221;101429;189.280000000;210;9673075727;S
20240221;101430;189.280000000;30;9673075934;S
20240221;101430;189.300000000;30;9673076006;B
20240221;101430;189.300000000;240;9673076007;B
20240221;101430;189.300000000;260;9673076116;B
20240221;101430;189.320000000;40;9673076117;S
20240221;101431;189.320000000;40;9673076208;S
20240221;101431;189.400000000;50;9673076332;B
20240221;101431;189.400000000;250;9673076333;B
20240221;101431;189.340000000;20;9673076501;S
20240221;101431;189.360000000;60;9673076508;B
20240221;101431;189.380000000;10;9673076602;B
20240221;101431;189.340000000;20;9673076616;S
20240221;101431;189.340000000;20;9673076617;S
20240221;101431;189.380000000;30;9673076619;B
20240221;101431;189.380000000;230;9673076620;B
20240221;101434;189.320000000;10;9673077408;S
20240221;101434;189.340000000;300;9673077485;B
20240221;101435;189.340000000;10;9673077564;S
20240221;101435;189.340000000;60;9673077565;S
20240221;101438;189.240000000;50;9673078304;S
20240221;101438;189.180000000;20;9673078305;S
20240221;101438;189.160000000;170;9673078306;S
20240221;101438;189.140000000;150;9673078307;S
20240221;101441;189.240000000;260;9673078839;S
20240221;101441;189.160000000;40;9673078891;S
20240221;101442;189.180000000;10;9673079140;S
20240221;101446;189.160000000;80;9673080083;S
20240221;101446;189.160000000;150;9673080084;S
20240221;101446;189.140000000;300;9673080085;S
20240221;101446;189.120000000;70;9673080086;S
20240221;101447;189.220000000;20;9673080336;B
20240221;101447;189.140000000;300;9673080355;S
20240221;101447;189.100000000;170;9673080356;S
20240221;101447;189.080000000;130;9673080357;S
20240221;101447;189.080000000;10;9673080364;S
20240221;101448;189.100000000;30;9673080720;S
20240221;101449;189.200000000;10;9673080731;B
20240221;101451;189.200000000;60;9673081342;B
20240221;101453;189.180000000;230;9673081969;S
20240221;101454;189.080000000;240;9673082130;S
20240221;101456;189.060000000;10;9673082550;S
20240221;101456;189.060000000;300;9673082551;S
20240221;101456;189.040000000;20;9673082552;S
20240221;101456;189.040000000;270;9673082553;S
20240221;101456;189.140000000;30;9673082612;B
20240221;101457;189.080000000;500;9673082888;S
