<DATE>;<TIME>;<LAST>;<VOL>;<ID>;<OPER>
20240208;095950;197.100000000;300;9563589201;S
20240208;095950;197.100000000;700;9563589202;S
20240208;095950;197.100000000;10;9563589203;B
20240208;095950;197.100000000;110;9563589204;B
20240208;095950;197.100000000;250;9563589205;B
20240208;095950;197.100000000;10;9563589206;B
20240208;095950;197.100000000;10;9563589207;B
20240208;095950;197.100000000;10;9563589208;S
20240208;095950;197.100000000;10;9563589209;B
20240208;095950;197.100000000;20;9563589210;S
20240208;095950;197.100000000;10;9563589211;S
20240208;095950;197.100000000;20;9563589212;B
20240208;095950;197.100000000;10;9563589213;B
20240208;095950;197.100000000;110;9563589214;B
20240208;095950;197.100000000;10;9563589215;B
20240208;095950;197.100000000;680;9563589216;B
20240208;095950;197.100000000;10;9563589217;B
20240208;095950;197.100000000;310;9563589218;B
20240208;095950;197.100000000;90;9563589219;B
20240208;095950;197.100000000;100;9563589220;B
20240208;095950;197.100000000;20;9563589221;B
20240208;095950;197.100000000;30;9563589222;B
20240208;095950;197.100000000;30;9563589223;B
20240208;095950;197.100000000;300;9563589224;B
20240208;095950;197.100000000;70;9563589225;B
20240208;095950;197.100000000;50;9563589226;B
20240208;095950;197.100000000;10;9563589227;S
20240208;095950;197.100000000;20;9563589228;S
20240208;095950;197.100000000;10;9563589229;S
20240208;095950;197.100000000;10;9563589230;S
20240208;095950;197.100000000;10;9563589231;S
20240208;095950;197.100000000;10;9563589232;B
20240208;095950;197.100000000;20;9563589233;B
20240208;095950;197.100000000;410;9563589234;B
20240208;095950;197.100000000;20;9563589235;B
20240208;100000;197.200000000;100;9563592372;B
20240208;100001;197.200000000;100;9563592807;B
20240208;100001;197.200000000;60;9563592811;S
20240208;100001;197.100000000;50;9563593046;S
20240208;100002;197.260000000;100;9563593677;B
20240208;100002;197.260000000;300;9563593680;B
20240208;100002;197.240000000;100;9563593683;B
20240208;100002;197.240000000;100;9563593688;B
20240208;100002;197.280000000;100;9563593693;S
20240208;100002;197.280000000;100;9563593694;B
20240208;100002;197.280000000;200;9563593697;B
20240208;100002;197.260000000;510;9563593700;B
20240208;100002;197.260000000;490;9563593701;S
20240208;100002;197.280000000;860;9563593702;B
20240208;100002;197.300000000;50;9563593703;B
20240208;100002;197.320000000;90;9563593704;S
20240208;100002;197.260000000;510;9563593705;B
20240208;100002;197.300000000;490;9563593707;S
20240208;100002;197.320000000;510;9563593714;B
20240208;100002;197.340000000;490;9563593715;B
20240208;100002;197.360000000;700;9563593716;B
20240208;100002;197.320000000;100;9563593718;B
20240208;100002;197.340000000;510;9563593880;B
20240208;100002;197.360000000;560;9563593881;B
20240208;100002;197.380000000;920;9563593882;B
20240208;100002;197.380000000;10;9563593883;B
20240208;100002;197.360000000;100;9563594313;S
20240208;100002;197.340000000;510;9563594899;B
20240208;100002;197.360000000;220;9563594900;B
20240208;100003;197.280000000;40;9563595034;S
20240208;100004;197.340000000;510;9563596747;B
20240208;100005;197.360000000;430;9563596941;B
20240208;100005;197.280000000;10;9563596942;S
20240208;100005;197.280000000;10;9563596943;S
20240208;100005;197.280000000;500;9563597356;S
20240208;100005;197.280000000;10;9563597856;S
20240208;100005;197.360000000;50;9563597857;B
20240208;100005;197.380000000;10;9563597861;B
20240208;100005;197.280000000;10;9563598043;S
20240208;100005;197.380000000;10;9563598112;B
20240208;100006;197.380000000;450;9563598733;B
20240208;100006;197.380000000;280;9563598790;B
20240208;100006;197.360000000;100;9563599782;B
20240208;100006;197.380000000;100;9563599783;B
20240208;100006;197.380000000;10;9563599803;B
20240208;100006;197.380000000;20;9563599804;B
20240208;100006;197.380000000;20;9563599844;B
20240208;100007;197.380000000;10;9563600276;B
20240208;100007;197.280000000;10;9563600278;S
20240208;100007;197.280000000;10;9563600931;S
20240208;100007;197.380000000;10;9563601677;B
20240208;100007;197.380000000;30;9563601737;B
20240208;100008;197.280000000;100;9563602050;S
20240208;100008;197.280000000;300;9563602051;S
20240208;100008;197.280000000;800;9563602052;S
20240208;100008;197.280000000;200;9563602053;S
20240208;100008;197.140000000;10;9563602054;S
20240208;100008;197.140000000;590;9563602055;S
20240208;100008;197.360000000;10;9563602208;B
20240208;100010;197.360000000;30;9563603228;B
20240208;100010;197.360000000;470;9563603314;B
20240208;100010;197.360000000;30;9563603347;B
20240208;100010;197.360000000;30;9563603380;B
20240208;100010;197.180000000;1250;9563603411;S
20240208;100010;197.160000000;750;9563603412;S
20240208;100010;197.320000000;1000;9563603452;B
20240208;100010;197.300000000;510;9563603465;B
20240208;100010;197.320000000;490;9563603466;B
20240208;100010;197.300000000;10;9563603543;B
20240208;100010;197.300000000;500;9563603544;B
20240208;100010;197.320000000;350;9563603545;B
20240208;100011;197.320000000;150;9563603727;S
20240208;100011;197.320000000;560;9563603728;S
20240208;100014;197.380000000;10;9563604987;B
20240208;100015;197.320000000;50;9563605094;S
20240208;100015;197.320000000;50;9563605100;S
20240208;100015;197.320000000;100;9563605101;S
20240208;100015;197.320000000;180;9563605105;S
20240208;100015;197.320000000;50;9563605107;S
20240208;100015;197.320000000;10;9563605173;S
20240208;100015;197.200000000;10;9563605174;S
20240208;100015;197.140000000;180;9563605185;S
20240208;100015;197.140000000;100;9563605191;S
20240208;100015;197.140000000;180;9563605223;S
20240208;100015;197.320000000;290;9563605258;B
20240208;100015;197.320000000;160;9563605259;B
20240208;100015;197.320000000;100;9563605261;B
20240208;100015;197.140000000;100;9563605279;S
20240208;100015;197.140000000;100;9563605335;S
20240208;100015;197.140000000;100;9563605343;S
20240208;100015;197.320000000;10;9563605344;B
20240208;100015;197.140000000;180;9563605351;S
20240208;100016;197.320000000;10;9563605385;B
20240208;100016;197.140000000;180;9563605424;S
20240208;100016;197.140000000;50;9563605439;S
20240208;100016;197.140000000;100;9563605446;S
20240208;100016;197.140000000;50;9563605447;S
20240208;100016;197.140000000;50;9563605466;S
20240208;100018;197.240000000;500;9563606146;B
20240208;100019;197.280000000;50;9563606659;B
20240208;100023;197.240000000;30;9563607852;B
20240208;100026;197.240000000;20;9563608567;B
20240208;100028;197.220000000;50;9563609190;B
20240208;100032;197.140000000;20;9563610074;S
20240208;100034;197.220000000;210;9563610638;B
20240208;100036;197.140000000;10;9563611185;S
20240208;100037;197.220000000;350;9563611337;B
20240208;100038;197.140000000;20;9563611512;S
20240208;100038;197.220000000;150;9563611666;B
20240208;100038;197.240000000;30;9563611667;B
20240208;100038;197.320000000;350;9563611668;B
20240208;100038;197.320000000;30;9563611669;B
20240208;100038;197.320000000;440;9563611670;B
20240208;100042;197.160000000;330;9563612959;S
20240208;100042;197.140000000;300;9563612960;S
20240208;100042;197.140000000;20;9563612961;S
20240208;100043;197.160000000;80;9563613074;S
20240208;100047;197.320000000;70;9563614327;B
20240208;100047;197.320000000;310;9563614328;B
20240208;100048;197.320000000;330;9563614414;B
20240208;100048;197.320000000;770;9563614415;B
20240208;100048;197.320000000;40;9563614416;B
20240208;100048;197.340000000;2220;9563614417;B
20240208;100048;197.340000000;10;9563614418;B
20240208;100048;197.380000000;30;9563614419;B
20240208;100048;197.380000000;100;9563614420;B
20240208;100048;197.380000000;1400;9563614421;B
20240208;100048;197.380000000;1100;9563614422;B
20240208;100052;197.260000000;50;9563616019;S
20240208;100052;197.220000000;1310;9563616020;S
20240208;100055;197.380000000;250;9563617159;B
20240208;100056;197.380000000;140;9563617523;B
20240208;100057;197.380000000;100;9563617876;B
20240208;100058;197.380000000;300;9563618092;B
20240208;100100;197.240000000;100;9563618580;S
20240208;100100;197.160000000;20;9563618687;S
20240208;100100;197.140000000;80;9563618688;S
20240208;100100;197.140000000;90;9563618695;S
20240208;100100;197.140000000;380;9563618696;S
20240208;100100;197.140000000;180;9563618697;S
20240208;100100;197.140000000;80;9563618699;S
20240208;100100;197.140000000;180;9563618703;S
20240208;100101;197.160000000;50;9563619084;S
20240208;100103;197.160000000;50;9563619526;S
20240208;100103;197.140000000;20;9563619527;S
20240208;100103;197.380000000;70;9563619638;B
20240208;100108;197.360000000;70;9563620800;B
20240208;100114;197.400000000;10;9563622173;B
20240208;100114;197.140000000;670;9563622261;S
20240208;100114;197.140000000;380;9563622262;S
20240208;100114;197.120000000;1000;9563622263;S
20240208;100114;197.100000000;20;9563622264;S
20240208;100114;197.100000000;10;9563622265;S
20240208;100114;197.100000000;150;9563622266;S
20240208;100114;197.100000000;50;9563622267;S
20240208;100114;197.100000000;100;9563622268;S
20240208;100114;197.100000000;10;9563622269;S
20240208;100114;197.100000000;30;9563622270;S
20240208;100114;197.100000000;1260;9563622271;S
20240208;100114;197.080000000;20;9563622272;S
20240208;100114;197.080000000;10;9563622273;S
20240208;100114;197.040000000;20;9563622274;S
20240208;100114;197.020000000;100;9563622275;S
20240208;100114;197.020000000;700;9563622276;S
20240208;100114;197.000000000;10;9563622277;S
20240208;100114;197.000000000;10;9563622278;S
20240208;100114;197.000000000;20;9563622279;S
20240208;100114;197.000000000;10;9563622280;S
20240208;100114;197.000000000;10;9563622281;S
20240208;100114;197.000000000;10;9563622282;S
20240208;100114;197.000000000;20;9563622283;S
20240208;100114;197.000000000;100;9563622284;S
20240208;100114;197.000000000;10;9563622285;S
20240208;100114;197.000000000;50;9563622286;S
20240208;100114;196.960000000;40;9563622287;S
20240208;100114;196.960000000;10;9563622288;S
20240208;100114;196.960000000;1840;9563622289;S
20240208;100114;196.940000000;30;9563622290;S
20240208;100114;196.960000000;20;9563622293;S
20240208;100115;197.100000000;300;9563622592;B
20240208;100119;197.140000000;20;9563623575;B
20240208;100122;197.140000000;300;9563624245;B
20240208;100123;197.220000000;300;9563624567;B
20240208;100123;197.320000000;700;9563624568;B
20240208;100123;197.320000000;50;9563624569;B
20240208;100123;197.340000000;300;9563624570;B
20240208;100123;197.340000000;1380;9563624611;B
20240208;100124;197.140000000;500;9563625123;S
20240208;100126;197.320000000;20;9563625892;B
20240208;100138;197.320000000;10;9563629341;S
20240208;100144;197.340000000;30;9563630455;B
20240208;100146;197.320000000;40;9563630842;S
20240208;100146;197.320000000;30;9563630843;S
20240208;100152;197.340000000;40;9563633330;B
20240208;100153;197.340000000;20;9563633548;B
20240208;100155;197.320000000;30;9563634390;S
20240208;100201;197.340000000;20;9563635848;B
20240208;100206;197.340000000;10;9563637056;B
20240208;100208;197.340000000;20;9563637803;B
20240208;100208;197.340000000;10;9563637930;B
20240208;100212;197.320000000;940;9563638983;S
20240208;100212;197.320000000;60;9563638984;S
20240208;100218;197.340000000;10;9563640278;B
20240208;100219;197.340000000;20;9563640617;B
20240208;100220;197.320000000;10;9563640702;S
20240208;100222;197.340000000;90;9563641291;B
20240208;100223;197.340000000;150;9563641601;B
20240208;100223;197.340000000;60;9563641602;B
20240208;100223;197.340000000;30;9563641625;B
20240208;100233;197.340000000;340;9563643608;B
20240208;100233;197.340000000;10;9563643609;B
20240208;100235;197.340000000;10;9563643977;B
20240208;100235;197.340000000;190;9563643978;B
20240208;100240;197.320000000;10;9563644864;S
20240208;100247;197.320000000;20;9563646458;S
20240208;100248;197.340000000;90;9563646731;B
20240208;100252;197.320000000;50;9563647524;S
20240208;100252;197.340000000;40;9563647597;B
20240208;100253;197.340000000;60;9563647765;B
20240208;100253;197.340000000;110;9563647766;B
20240208;100253;197.340000000;330;9563647767;B
20240208;100255;197.340000000;60;9563648199;B
20240208;100255;197.340000000;40;9563648200;B
20240208;100303;197.320000000;30;9563649686;S
20240208;100308;197.340000000;10;9563650638;B
20240208;100311;197.340000000;10;9563651399;B
20240208;100311;197.340000000;10;9563651400;B
20240208;100315;197.340000000;50;9563652304;B
20240208;100316;197.340000000;10;9563652516;B
20240208;100317;197.340000000;10;9563652707;B
20240208;100317;197.340000000;30;9563652852;B
20240208;100319;197.320000000;20;9563653067;S
20240208;100319;197.320000000;70;9563653068;S
20240208;100321;197.320000000;20;9563653693;S
20240208;100326;197.320000000;10;9563654579;S
20240208;100331;197.320000000;40;9563655376;S
20240208;100342;197.320000000;150;9563657685;S
20240208;100344;197.320000000;30;9563658153;S
20240208;100349;197.320000000;180;9563659529;S
20240208;100349;197.320000000;10;9563659530;S
20240208;100349;197.320000000;60;9563659531;S
20240208;100350;197.320000000;10;9563659617;S
20240208;100352;197.320000000;20;9563659900;S
20240208;100354;197.340000000;10;9563660593;B
20240208;100355;197.320000000;20;9563660837;S
20240208;100355;197.320000000;30;9563660886;S
20240208;100359;197.340000000;20;9563661679;B
20240208;100410;197.340000000;10;9563663984;B
20240208;100411;197.320000000;10;9563664269;S
20240208;100412;197.320000000;50;9563664377;S
20240208;100412;197.320000000;10;9563664378;S
20240208;100415;197.340000000;700;9563664783;B
20240208;100416;197.320000000;300;9563665204;S
20240208;100417;197.320000000;300;9563665259;S
20240208;100418;197.340000000;200;9563665493;B
20240208;100419;197.340000000;10;9563665621;B
20240208;100419;197.340000000;80;9563665629;B
20240208;100421;197.340000000;60;9563666011;B
20240208;100424;197.320000000;100;9563666616;S
20240208;100424;197.340000000;10;9563666680;B
20240208;100425;197.340000000;40;9563666942;B
20240208;100427;197.340000000;970;9563667214;B
20240208;100427;197.340000000;20;9563667215;B
20240208;100427;197.340000000;620;9563667216;B
20240208;100428;197.340000000;10;9563667429;B
20240208;100429;197.340000000;200;9563667455;B
20240208;100429;197.340000000;670;9563667499;B
20240208;100430;197.320000000;10;9563667803;S
20240208;100430;197.340000000;30;9563667808;B
20240208;100432;197.340000000;10;9563668289;B
20240208;100435;197.340000000;460;9563669189;B
20240208;100435;197.340000000;50;9563669190;B
20240208;100435;197.340000000;10;9563669191;B
20240208;100435;197.340000000;50;9563669192;B
20240208;100436;197.360000000;30;9563669339;B
20240208;100436;197.380000000;10;9563669352;B
20240208;100436;197.380000000;10;9563669353;B
20240208;100449;197.400000000;60;9563672684;B
20240208;100454;197.400000000;50;9563673843;B
20240208;100454;197.400000000;880;9563673868;B
20240208;100454;197.400000000;30;9563673869;B
20240208;100454;197.400000000;110;9563673870;B
20240208;100454;197.440000000;10;9563673871;B
20240208;100454;197.440000000;600;9563673872;B
20240208;100454;197.480000000;10;9563673873;B
20240208;100454;197.520000000;10;9563673874;B
20240208;100454;197.520000000;1260;9563673875;B
20240208;100454;197.560000000;20;9563673876;B
20240208;100454;197.580000000;70;9563673877;B
20240208;100455;197.540000000;10;9563674115;B
20240208;100504;197.540000000;250;9563675972;B
20240208;100504;197.440000000;770;9563676093;S
20240208;100504;197.440000000;500;9563676094;S
20240208;100504;197.440000000;20;9563676095;S
20240208;100504;197.440000000;60;9563676096;S
20240208;100504;197.420000000;1000;9563676097;S
20240208;100504;197.400000000;100;9563676098;S
20240208;100504;197.380000000;180;9563676099;S
20240208;100504;197.380000000;910;9563676100;S
20240208;100504;197.340000000;260;9563676101;S
20240208;100504;197.320000000;280;9563676102;S
20240208;100504;197.320000000;30;9563676103;S
20240208;100504;197.320000000;10;9563676104;S
20240208;100504;197.320000000;30;9563676105;S
20240208;100504;197.320000000;50;9563676106;S
20240208;100504;197.320000000;500;9563676107;S
20240208;100504;197.320000000;190;9563676108;S
20240208;100504;197.320000000;40;9563676109;S
20240208;100504;197.320000000;40;9563676110;S
20240208;100504;197.320000000;20;9563676111;S
20240208;100505;197.480000000;100;9563676308;B
20240208;100507;197.340000000;30;9563676818;S
20240208;100507;197.340000000;470;9563676819;S
20240208;100512;197.440000000;10;9563677666;B
20240208;100515;197.440000000;10;9563678388;B
20240208;100515;197.440000000;30;9563678435;B
20240208;100515;197.460000000;50;9563678436;B
20240208;100515;197.460000000;80;9563678437;B
20240208;100517;197.480000000;20;9563678779;S
20240208;100517;197.480000000;80;9563678780;S
20240208;100518;197.500000000;100;9563678872;B
20240208;100518;197.500000000;400;9563678873;B
20240208;100520;197.480000000;10;9563679348;S
20240208;100521;197.540000000;10;9563679414;B
20240208;100525;197.560000000;10;9563680358;B
20240208;100540;197.560000000;100;9563683043;B
20240208;100541;197.500000000;10;9563683192;S
20240208;100545;197.560000000;100;9563684038;B
20240208;100545;197.560000000;620;9563684039;B
20240208;100545;197.560000000;680;9563684040;B
20240208;100545;197.500000000;180;9563684091;S
20240208;100545;197.520000000;100;9563684114;S
20240208;100548;197.500000000;20;9563684836;S
20240208;100548;197.500000000;10;9563684837;S
20240208;100554;197.540000000;90;9563685884;B
20240208;100559;197.500000000;10;9563686739;S
20240208;100559;197.500000000;30;9563686745;S
20240208;100603;197.500000000;10;9563687589;S
20240208;100603;197.500000000;240;9563687590;S
20240208;100606;197.480000000;10;9563688416;S
20240208;100606;197.480000000;10;9563688417;S
20240208;100606;197.520000000;10;9563688487;B
20240208;100607;197.520000000;10;9563688495;B
20240208;100611;197.500000000;10;9563689754;B
20240208;100611;197.500000000;10;9563689886;B
20240208;100611;197.480000000;10;9563689895;S
20240208;100611;197.480000000;10;9563689896;S
20240208;100611;197.480000000;80;9563689897;S
20240208;100611;197.480000000;20;9563689908;S
20240208;100612;197.500000000;10;9563690078;B
20240208;100618;197.460000000;6880;9563691504;S
20240208;100620;197.480000000;30;9563691707;B
20240208;100621;197.500000000;500;9563692062;B
20240208;100621;197.500000000;40;9563692063;B
20240208;100622;197.520000000;10;9563692202;B
20240208;100622;197.520000000;170;9563692254;B
20240208;100623;197.540000000;20;9563692633;B
20240208;100629;197.500000000;1000;9563693926;S
20240208;100629;197.500000000;1420;9563693927;S
20240208;100629;197.520000000;20;9563693938;B
20240208;100629;197.520000000;100;9563693939;B
20240208;100629;197.520000000;210;9563693940;B
20240208;100632;197.500000000;40;9563694772;S
20240208;100636;197.500000000;290;9563696196;S
20240208;100636;197.500000000;310;9563696197;S
20240208;100636;197.500000000;20;9563696215;S
20240208;100637;197.500000000;10;9563696280;S
20240208;100637;197.500000000;60;9563696370;S
20240208;100638;197.520000000;250;9563696443;B
20240208;100639;197.500000000;170;9563696799;S
20240208;100639;197.500000000;10;9563696800;S
20240208;100639;197.520000000;40;9563696896;B
20240208;100639;197.500000000;240;9563696897;S
20240208;100639;197.500000000;20;9563696898;S
20240208;100639;197.500000000;870;9563696900;S
20240208;100640;197.500000000;40;9563697023;S
20240208;100640;197.500000000;180;9563697024;S
20240208;100641;197.500000000;10;9563697125;S
20240208;100641;197.500000000;20;9563697126;S
20240208;100642;197.500000000;120;9563697277;S
20240208;100643;197.520000000;10;9563697604;B
20240208;100643;197.500000000;120;9563697605;S
20240208;100643;197.500000000;10;9563697611;S
20240208;100643;197.500000000;10;9563697612;S
20240208;100643;197.500000000;20;9563697613;S
20240208;100643;197.500000000;10;9563697648;S
20240208;100643;197.500000000;10;9563697649;S
20240208;100643;197.500000000;10;9563697725;S
20240208;100643;197.500000000;10;9563697853;S
20240208;100644;197.500000000;140;9563698047;S
20240208;100644;197.500000000;10;9563698048;S
20240208;100644;197.500000000;10;9563698049;S
20240208;100644;197.500000000;180;9563698050;S
20240208;100644;197.500000000;50;9563698051;S
20240208;100644;197.500000000;30;9563698052;S
20240208;100644;197.500000000;180;9563698053;S
20240208;100644;197.500000000;490;9563698054;S
20240208;100644;197.500000000;10;9563698055;S
20240208;100644;197.500000000;20;9563698056;S
20240208;100644;197.500000000;10;9563698057;S
20240208;100644;197.500000000;10;9563698058;S
20240208;100644;197.500000000;110;9563698059;S
20240208;100644;197.500000000;410;9563698060;S
20240208;100644;197.500000000;90;9563698061;S
20240208;100644;197.480000000;100;9563698062;S
20240208;100644;197.460000000;30;9563698063;S
20240208;100644;197.460000000;80;9563698080;S
20240208;100644;197.460000000;30;9563698115;S
20240208;100644;197.460000000;870;9563698116;S
20240208;100644;197.460000000;460;9563698137;S
20240208;100645;197.460000000;260;9563698318;S
20240208;100647;197.460000000;10;9563698771;S
20240208;100649;197.460000000;10;9563699095;S
20240208;100649;197.480000000;160;9563699131;B
20240208;100649;197.500000000;40;9563699132;B
20240208;100651;197.460000000;10;9563699670;S
20240208;100652;197.500000000;10;9563699892;B
20240208;100701;197.500000000;20;9563701820;B
20240208;100703;197.500000000;60;9563702265;B
20240208;100704;197.500000000;60;9563702320;B
20240208;100704;197.500000000;40;9563702321;B
20240208;100705;197.500000000;30;9563702640;B
20240208;100705;197.480000000;10;9563702688;S
20240208;100705;197.480000000;90;9563702689;S
20240208;100707;197.480000000;10;9563703053;B
20240208;100708;197.460000000;770;9563703554;S
20240208;100708;197.460000000;5620;9563703555;S
20240208;100708;197.460000000;20;9563703556;S
20240208;100708;197.460000000;30;9563703557;S
20240208;100708;197.460000000;500;9563703558;S
20240208;100708;197.440000000;40;9563703559;S
20240208;100708;197.440000000;1120;9563703560;S
20240208;100708;197.460000000;70;9563703712;B
20240208;100708;197.440000000;120;9563703713;S
20240208;100708;197.440000000;10;9563703842;S
20240208;100709;197.460000000;10;9563704131;B
20240208;100710;197.440000000;10;9563704171;S
20240208;100710;197.460000000;10;9563704263;B
20240208;100710;197.460000000;50;9563704312;B
20240208;100710;197.440000000;10;9563704313;S
20240208;100710;197.440000000;10;9563704314;S
20240208;100711;197.440000000;10;9563704493;S
20240208;100711;197.440000000;220;9563704494;S
20240208;100712;197.440000000;3490;9563704666;S
20240208;100712;197.340000000;180;9563704667;S
20240208;100712;197.320000000;30;9563704668;S
20240208;100712;197.300000000;50;9563704669;S
20240208;100712;197.280000000;30;9563704670;S
20240208;100712;197.260000000;200;9563704671;S
20240208;100712;197.260000000;30;9563704672;S
20240208;100712;197.240000000;3000;9563704673;S
20240208;100712;197.240000000;610;9563704674;S
20240208;100715;197.200000000;10;9563705439;S
20240208;100715;197.200000000;10;9563705440;S
20240208;100715;197.160000000;20;9563705441;S
20240208;100721;197.160000000;50;9563707632;S
20240208;100721;197.140000000;50;9563707633;S
20240208;100721;197.140000000;60;9563707634;S
20240208;100721;197.120000000;10;9563707635;S
20240208;100721;197.120000000;10;9563707636;S
20240208;100721;197.100000000;120;9563707637;S
20240208;100723;197.300000000;30;9563708045;S
20240208;100724;197.120000000;10;9563708137;S
20240208;100724;197.100000000;90;9563708138;S
20240208;100724;197.280000000;30;9563708139;B
20240208;100726;197.160000000;10;9563708802;S
20240208;100728;197.260000000;150;9563709121;B
20240208;100728;197.280000000;200;9563709122;B
20240208;100728;197.140000000;10;9563709295;S
20240208;100745;197.300000000;20;9563712937;B
20240208;100748;197.300000000;20;9563713513;B
20240208;100749;197.180000000;30;9563713642;S
20240208;100749;197.180000000;20;9563713643;S
20240208;100756;197.280000000;50;9563715322;B
20240208;100806;197.260000000;10;9563717843;B
20240208;100809;197.200000000;30;9563718656;S
20240208;100809;197.200000000;20;9563718657;S
20240208;100813;197.260000000;540;9563719941;B
20240208;100813;197.280000000;160;9563719942;B
20240208;100815;197.280000000;200;9563720423;B
20240208;100816;197.200000000;10;9563720528;S
20240208;100816;197.200000000;30;9563720529;S
20240208;100816;197.200000000;30;9563720530;S
20240208;100816;197.200000000;100;9563720531;S
20240208;100816;197.200000000;30;9563720532;S
20240208;100816;197.180000000;10;9563720533;S
20240208;100816;197.180000000;30;9563720534;S
20240208;100816;197.180000000;30;9563720535;S
20240208;100816;197.180000000;190;9563720536;S
20240208;100816;197.180000000;30;9563720537;S
20240208;100816;197.180000000;30;9563720538;S
20240208;100816;197.180000000;30;9563720539;S
20240208;100816;197.140000000;30;9563720540;S
20240208;100816;197.140000000;30;9563720541;S
20240208;100816;197.140000000;30;9563720542;S
20240208;100816;197.140000000;30;9563720543;S
20240208;100816;197.140000000;30;9563720544;S
20240208;100816;197.140000000;30;9563720545;S
20240208;100816;197.140000000;30;9563720546;S
20240208;100816;197.140000000;30;9563720547;S
20240208;100816;197.140000000;210;9563720548;S
20240208;100822;197.200000000;30;9563721971;S
20240208;100822;197.200000000;30;9563721972;S
20240208;100822;197.140000000;20;9563721973;S
20240208;100822;197.120000000;220;9563721974;S
20240208;100824;197.120000000;130;9563722224;S
20240208;100824;197.140000000;10;9563722290;B
20240208;100825;197.260000000;10;9563722643;B
20240208;100826;197.160000000;10;9563722832;S
20240208;100829;197.260000000;30;9563723362;B
20240208;100838;197.160000000;280;9563725105;S
20240208;100838;197.160000000;200;9563725106;S
20240208;100838;197.160000000;300;9563725107;S
20240208;100838;197.140000000;60;9563725108;S
20240208;100838;197.120000000;150;9563725109;S
20240208;100838;197.120000000;10;9563725110;S
20240208;100841;197.140000000;100;9563725934;S
20240208;100841;197.120000000;900;9563725935;S
20240208;100844;197.120000000;90;9563726459;S
20240208;100844;197.120000000;250;9563726460;S
20240208;100844;197.120000000;20;9563726461;S
20240208;100844;197.100000000;640;9563726462;S
20240208;100845;197.140000000;10;9563726876;S
20240208;100845;197.100000000;650;9563726877;S
20240208;100845;197.100000000;50;9563726878;S
20240208;100845;197.100000000;10;9563726879;S
20240208;100845;197.100000000;30;9563726880;S
20240208;100845;197.100000000;10;9563726881;S
20240208;100845;197.060000000;190;9563726882;S
20240208;100845;197.040000000;50;9563726883;S
20240208;100845;197.020000000;500;9563726884;S
20240208;100847;197.020000000;70;9563727299;S
20240208;100847;197.000000000;50;9563727300;S
20240208;100847;197.000000000;400;9563727301;S
20240208;100847;197.000000000;10;9563727302;S
20240208;100847;197.000000000;150;9563727303;S
20240208;100847;197.000000000;100;9563727304;S
20240208;100847;197.000000000;80;9563727305;S
20240208;100847;197.000000000;10;9563727306;S
20240208;100847;197.000000000;10;9563727307;S
20240208;100847;197.000000000;50;9563727308;S
20240208;100847;196.980000000;70;9563727309;S
20240208;100848;197.000000000;20;9563727411;S
20240208;100850;197.000000000;30;9563727783;S
20240208;100851;197.100000000;10;9563728099;B
20240208;100852;197.000000000;20;9563728184;S
20240208;100855;197.100000000;20;9563728603;B
20240208;100855;197.100000000;10;9563728678;B
20240208;100858;197.020000000;60;9563729164;S
20240208;100858;197.000000000;30;9563729165;S
20240208;100858;197.000000000;2020;9563729166;S
20240208;100858;196.980000000;1260;9563729167;S
20240208;100858;196.920000000;10;9563729169;S
20240208;100858;196.920000000;90;9563729170;S
20240208;100858;196.940000000;140;9563729214;B
20240208;100905;196.940000000;10;9563730264;B
20240208;100909;196.920000000;300;9563731145;S
20240208;100909;196.940000000;10;9563731213;B
20240208;100909;196.920000000;10;9563731241;B
20240208;100911;196.900000000;850;9563731537;S
20240208;100911;196.900000000;10;9563731538;S
20240208;100911;196.900000000;10;9563731539;S
20240208;100911;196.900000000;20;9563731540;S
20240208;100911;196.900000000;10;9563731541;S
20240208;100911;196.900000000;10;9563731542;S
20240208;100911;196.900000000;90;9563731543;S
20240208;100911;196.900000000;10;9563731587;S
20240208;100911;196.900000000;50;9563731588;S
20240208;100911;196.900000000;160;9563731589;S
20240208;100911;196.900000000;370;9563731590;S
20240208;100912;196.880000000;100;9563731838;S
20240208;100912;196.880000000;580;9563731839;S
20240208;100912;196.880000000;320;9563731840;B
20240208;100913;196.920000000;100;9563732086;B
20240208;100913;196.940000000;290;9563732087;B
20240208;100915;196.940000000;510;9563732492;B
20240208;100916;196.880000000;40;9563732559;S
20240208;100916;196.860000000;100;9563732560;S
20240208;100916;196.860000000;100;9563732708;S
20240208;100916;196.860000000;520;9563732709;S
20240208;100916;196.840000000;100;9563732710;S
20240208;100916;196.840000000;200;9563732711;S
20240208;100916;196.840000000;30;9563732712;S
20240208;100916;196.820000000;30;9563732713;S
20240208;100916;196.820000000;10;9563732714;S
20240208;100916;196.820000000;200;9563732715;S
20240208;100916;196.820000000;1260;9563732716;S
20240208;100916;196.800000000;30;9563732717;S
20240208;100916;196.780000000;90;9563732718;S
20240208;100916;196.760000000;1750;9563732719;S
20240208;100916;196.760000000;770;9563732720;S
20240208;100916;196.740000000;4910;9563732721;S
20240208;100916;196.760000000;70;9563732727;S
20240208;100917;196.900000000;10;9563732822;B
20240208;100917;196.800000000;10;9563732884;S
20240208;100917;196.780000000;20;9563732885;S
20240208;100917;196.800000000;10;9563732924;S
20240208;100920;196.800000000;50;9563733541;S
20240208;100920;196.780000000;900;9563733542;S
20240208;100920;196.760000000;250;9563733543;S
20240208;100920;196.800000000;10;9563733632;S
20240208;100920;196.760000000;140;9563733633;S
20240208;100921;196.880000000;20;9563733767;B
20240208;100924;196.740000000;500;9563734424;S
20240208;100926;196.740000000;20;9563734829;S
20240208;100927;196.740000000;750;9563734959;S
20240208;100927;196.720000000;10;9563734960;S
20240208;100927;196.720000000;30;9563734961;S
20240208;100927;196.720000000;30;9563734962;S
20240208;100927;196.720000000;80;9563734963;S
20240208;100928;196.860000000;30;9563735317;B
20240208;100928;196.740000000;1000;9563735329;S
20240208;100929;196.720000000;120;9563735453;S
20240208;100929;196.700000000;200;9563735454;S
20240208;100929;196.700000000;30;9563735455;S
20240208;100929;196.680000000;20;9563735456;S
20240208;100929;196.660000000;370;9563735457;S
20240208;100929;196.740000000;1000;9563735474;S
20240208;100929;196.740000000;10;9563735489;S
20240208;100932;196.740000000;10;9563736108;S
20240208;100933;196.780000000;10;9563736215;B
20240208;100934;196.840000000;10;9563736354;B
20240208;100936;196.800000000;290;9563736917;S
20240208;100936;196.760000000;1270;9563736918;S
20240208;100936;196.740000000;2440;9563736919;S
20240208;100938;196.740000000;500;9563737408;S
20240208;100938;196.740000000;1110;9563737409;S
20240208;100947;196.740000000;20;9563739125;S
20240208;100950;196.820000000;30;9563739757;B
20240208;100950;196.820000000;30;9563739758;B
20240208;100951;196.740000000;30;9563739897;S
20240208;100951;196.740000000;50;9563739898;S
20240208;100951;196.740000000;30;9563739899;S
20240208;100951;196.740000000;30;9563739900;S
20240208;100951;196.740000000;30;9563739901;S
20240208;100951;196.720000000;1100;9563739902;B
20240208;100952;196.820000000;30;9563740129;B
20240208;100956;196.740000000;100;9563740856;S
20240208;100956;196.740000000;200;9563740857;S
20240208;100956;196.740000000;10;9563740916;B
20240208;100957;196.740000000;10;9563741134;B
20240208;100959;196.700000000;10;9563741567;S
20240208;100959;196.700000000;20;9563741568;S
20240208;101000;196.740000000;180;9563741858;B
20240208;101006;196.820000000;20;9563743229;B
20240208;101006;196.840000000;30;9563743230;B
20240208;101009;196.840000000;20;9563743844;B
20240208;101009;196.840000000;10;9563743906;B
20240208;101013;196.700000000;10;9563744846;S
20240208;101013;196.740000000;10;9563744956;S
20240208;101013;196.740000000;20;9563744957;B
20240208;101015;196.740000000;450;9563745228;S
20240208;101019;196.700000000;10;9563745970;S
20240208;101019;196.700000000;10;9563745971;S
20240208;101019;196.700000000;50;9563746062;S
20240208;101021;196.700000000;10;9563746446;S
20240208;101021;196.700000000;10;9563746461;S
20240208;101022;196.700000000;50;9563746499;S
20240208;101022;196.840000000;10;9563746579;B
20240208;101022;196.840000000;10;9563746694;B
20240208;101023;196.820000000;1840;9563746893;B
20240208;101023;196.840000000;410;9563746894;B
20240208;101023;196.840000000;190;9563746895;B
20240208;101023;196.840000000;450;9563746896;B
20240208;101023;196.860000000;800;9563746897;B
20240208;101028;196.720000000;30;9563747894;S
20240208;101028;196.720000000;50;9563747948;S
20240208;101033;196.840000000;190;9563749043;B
20240208;101033;196.860000000;110;9563749044;B
20240208;101034;196.720000000;80;9563749087;S
20240208;101034;196.720000000;170;9563749088;S
20240208;101037;196.720000000;20;9563749759;S
20240208;101038;196.720000000;500;9563749894;S
20240208;101041;196.800000000;210;9563750585;B
20240208;101047;196.720000000;100;9563751717;S
20240208;101047;196.720000000;150;9563751718;S
20240208;101051;196.720000000;150;9563752338;S
20240208;101059;196.800000000;240;9563754115;B
20240208;101059;196.800000000;150;9563754116;B
20240208;101059;196.800000000;200;9563754117;B
20240208;101100;196.800000000;20;9563754348;B
20240208;101102;196.780000000;10;9563754768;S
20240208;101102;196.760000000;90;9563754769;S
20240208;101107;196.760000000;20;9563755982;S
20240208;101111;196.800000000;40;9563756739;S
20240208;101111;196.860000000;10;9563756968;B
20240208;101112;196.860000000;90;9563757151;B
20240208;101112;196.860000000;410;9563757152;B
20240208;101112;196.860000000;10;9563757223;B
20240208;101113;196.880000000;30;9563757295;B
20240208;101117;196.800000000;30;9563758367;S
20240208;101120;196.860000000;100;9563759043;B
20240208;101120;196.880000000;440;9563759044;B
20240208;101120;196.900000000;10;9563759045;B
20240208;101120;196.900000000;730;9563759046;B
20240208;101121;196.920000000;10;9563759238;B
20240208;101122;196.920000000;10;9563759578;B
20240208;101125;196.940000000;500;9563760197;B
20240208;101125;196.940000000;170;9563760216;B
20240208;101125;196.940000000;10;9563760217;B
20240208;101126;196.940000000;10;9563760374;B
20240208;101127;196.940000000;670;9563760608;B
20240208;101128;196.900000000;20;9563760680;S
20240208;101128;196.840000000;30;9563760681;S
20240208;101130;196.980000000;10;9563761122;B
20240208;101137;196.980000000;30;9563762448;B
20240208;101137;196.980000000;30;9563762449;B
20240208;101139;196.840000000;160;9563762902;S
20240208;101139;196.820000000;640;9563762903;S
20240208;101149;196.860000000;10;9563764899;S
20240208;101149;196.900000000;10;9563765327;B
20240208;101151;196.900000000;20;9563765755;B
20240208;101151;196.900000000;750;9563765756;B
20240208;101152;196.940000000;40;9563765816;B
20240208;101154;196.900000000;50;9563766361;S
20240208;101158;196.900000000;10;9563767030;S
20240208;101158;196.860000000;20;9563767031;S
20240208;101158;196.820000000;270;9563767032;S
20240208;101200;196.960000000;40;9563767452;B
20240208;101200;196.960000000;120;9563767459;B
20240208;101201;196.980000000;190;9563767571;B
20240208;101201;196.980000000;440;9563767572;B
20240208;101201;197.000000000;10;9563767573;B
20240208;101205;197.000000000;10;9563768648;B
20240208;101205;197.000000000;90;9563768649;B
20240208;101209;197.000000000;20;9563769389;B
20240208;101213;196.900000000;10;9563770105;B
20240208;101213;196.840000000;190;9563770140;S
20240208;101213;196.820000000;310;9563770141;S
20240208;101214;196.960000000;100;9563770370;S
20240208;101214;196.820000000;1530;9563770534;S
20240208;101214;196.820000000;770;9563770535;S
20240208;101214;196.800000000;430;9563770536;S
20240208;101214;196.800000000;1070;9563770537;S
20240208;101216;196.980000000;10;9563770788;B
20240208;101219;196.940000000;20;9563771622;B
20240208;101222;196.980000000;10;9563772256;B
20240208;101224;196.900000000;130;9563772632;S
20240208;101224;196.840000000;3280;9563772633;S
20240208;101224;196.800000000;430;9563772634;S
20240208;101224;196.800000000;10;9563772635;S
20240208;101224;196.800000000;10;9563772636;S
20240208;101224;196.800000000;190;9563772637;S
20240208;101224;196.760000000;40;9563772638;S
20240208;101224;196.760000000;10;9563772639;S
20240208;101224;196.740000000;100;9563772640;S
20240208;101228;196.880000000;190;9563773407;B
20240208;101228;196.880000000;310;9563773408;B
20240208;101235;196.860000000;10;9563774777;B
20240208;101242;196.860000000;10;9563776131;S
20240208;101247;196.760000000;50;9563776962;S
20240208;101247;196.740000000;200;9563776963;S
20240208;101247;196.740000000;10;9563776964;S
20240208;101247;196.740000000;770;9563776965;S
20240208;101247;196.720000000;10;9563776966;S
20240208;101247;196.720000000;10;9563776967;S
20240208;101247;196.720000000;10;9563776968;S
20240208;101247;196.720000000;20;9563776969;S
20240208;101247;196.720000000;1260;9563776970;S
20240208;101247;196.720000000;60;9563776971;S
20240208;101247;196.700000000;300;9563776972;S
20240208;101251;196.800000000;100;9563777777;S
20240208;101251;196.800000000;10;9563777792;B
20240208;101252;196.700000000;50;9563777866;S
20240208;101253;196.820000000;340;9563778300;B
20240208;101255;196.700000000;40;9563778697;S
20240208;101255;196.700000000;210;9563778698;S
20240208;101258;196.800000000;10;9563779207;B
20240208;101305;196.800000000;10;9563780635;B
20240208;101305;196.800000000;10;9563780638;S
20240208;101306;196.820000000;30;9563780882;B
20240208;101308;196.820000000;400;9563781456;B
20240208;101308;196.820000000;410;9563781457;B
20240208;101308;196.840000000;170;9563781458;B
20240208;101308;196.840000000;1840;9563781459;B
20240208;101308;196.860000000;140;9563781462;B
20240208;101308;196.860000000;250;9563781463;B
20240208;101308;196.860000000;1000;9563781464;B
20240208;101308;196.840000000;1000;9563781515;S
20240208;101309;196.880000000;170;9563781773;B
20240208;101314;196.900000000;20;9563782616;B
20240208;101316;196.860000000;20;9563782956;S
20240208;101316;196.840000000;980;9563782957;S
20240208;101318;196.840000000;5200;9563783143;S
20240208;101318;196.760000000;190;9563783144;S
20240208;101318;196.740000000;1840;9563783145;S
20240208;101318;196.720000000;1260;9563783146;S
20240208;101318;196.700000000;1510;9563783147;S
20240208;101319;196.820000000;500;9563783341;B
20240208;101321;196.820000000;10;9563783757;B
20240208;101322;196.840000000;10;9563783885;B
20240208;101329;196.720000000;10;9563785051;S
20240208;101329;196.720000000;20;9563785052;S
20240208;101329;196.720000000;200;9563785157;S
20240208;101329;196.700000000;280;9563785158;S
20240208;101329;196.700000000;180;9563785159;S
20240208;101333;196.700000000;30;9563785749;S
20240208;101336;196.760000000;20;9563786398;B
20240208;101336;196.780000000;410;9563786399;B
20240208;101336;196.800000000;20;9563786400;B
20240208;101336;196.800000000;550;9563786401;B
20240208;101337;196.700000000;30;9563786649;S
20240208;101339;196.820000000;10;9563787048;B
20240208;101340;196.720000000;20;9563787433;S
20240208;101343;196.720000000;20;9563788078;S
20240208;101343;196.700000000;60;9563788079;S
20240208;101343;196.700000000;200;9563788080;S
20240208;101343;196.700000000;10;9563788081;S
20240208;101343;196.700000000;10;9563788082;S
20240208;101348;196.780000000;10;9563788803;B
20240208;101348;196.700000000;90;9563788813;S
20240208;101348;196.700000000;10;9563788814;S
20240208;101348;196.700000000;200;9563788815;S
20240208;101348;196.700000000;50;9563788816;S
20240208;101348;196.680000000;10;9563788817;S
20240208;101348;196.680000000;10;9563788818;S
20240208;101348;196.680000000;400;9563788819;S
20240208;101348;196.660000000;500;9563788820;S
20240208;101348;196.640000000;1000;9563788821;S
20240208;101348;196.640000000;10;9563788822;S
20240208;101348;196.620000000;150;9563788823;S
20240208;101348;196.620000000;10;9563788824;S
20240208;101348;196.620000000;100;9563788825;S
20240208;101348;196.600000000;10;9563788826;S
20240208;101348;196.600000000;30;9563788827;S
20240208;101348;196.600000000;10;9563788828;S
20240208;101348;196.600000000;100;9563788829;S
20240208;101348;196.600000000;20;9563788830;S
20240208;101348;196.600000000;500;9563788831;S
20240208;101348;196.600000000;10;9563788832;S
20240208;101348;196.580000000;100;9563788833;S
20240208;101348;196.580000000;200;9563788834;S
20240208;101348;196.580000000;190;9563788835;S
20240208;101348;196.560000000;10;9563788836;S
20240208;101348;196.560000000;1270;9563788837;S
20240208;101348;196.540000000;10;9563788838;S
20240208;101348;196.540000000;100;9563788839;S
20240208;101348;196.620000000;10;9563788848;S
20240208;101349;196.560000000;10;9563789046;S
20240208;101349;196.560000000;770;9563789052;S
20240208;101349;196.560000000;20;9563789053;S
20240208;101349;196.560000000;210;9563789054;S
20240208;101349;196.580000000;10;9563789079;B
20240208;101349;196.600000000;40;9563789119;S
20240208;101350;196.700000000;10;9563789206;B
20240208;101350;196.640000000;10;9563789273;S
20240208;101350;196.600000000;90;9563789274;S
20240208;101354;196.600000000;60;9563790425;S
20240208;101358;196.720000000;190;9563791161;B
20240208;101358;196.720000000;10;9563791162;B
20240208;101405;196.600000000;390;9563792380;S
20240208;101406;196.740000000;770;9563792458;B
20240208;101406;196.740000000;80;9563792459;B
20240208;101408;196.600000000;120;9563792801;S
20240208;101408;196.600000000;10;9563792802;S
20240208;101408;196.600000000;10;9563792803;S
20240208;101408;196.560000000;20;9563792804;S
20240208;101408;196.560000000;980;9563792816;S
20240208;101408;196.540000000;20;9563792817;S
20240208;101408;196.740000000;10;9563792885;B
20240208;101410;196.700000000;10;9563793058;B
20240208;101421;196.540000000;30;9563795361;S
20240208;101421;196.540000000;50;9563795362;S
20240208;101421;196.540000000;100;9563795363;S
20240208;101421;196.520000000;10;9563795364;S
20240208;101421;196.520000000;10;9563795365;S
20240208;101421;196.520000000;10;9563795366;S
20240208;101421;196.500000000;300;9563795367;S
20240208;101421;196.500000000;10;9563795368;S
20240208;101421;196.500000000;60;9563795369;S
20240208;101422;196.600000000;10;9563795466;B
20240208;101426;196.540000000;20;9563795964;B
20240208;101429;196.520000000;30;9563796458;S
20240208;101434;196.520000000;10;9563797203;S
20240208;101434;196.600000000;10;9563797254;B
20240208;101437;196.600000000;400;9563797658;B
20240208;101440;196.540000000;70;9563798196;S
20240208;101440;196.520000000;60;9563798197;S
20240208;101440;196.520000000;870;9563798198;S
20240208;101440;196.600000000;20;9563798239;B
20240208;101452;196.540000000;20;9563800690;S
20240208;101452;196.540000000;70;9563800691;S
20240208;101452;196.520000000;50;9563800692;S
20240208;101452;196.520000000;160;9563800693;S
20240208;101501;196.520000000;70;9563802728;S
20240208;101501;196.520000000;150;9563802729;S
20240208;101501;196.500000000;30;9563802730;S
20240208;101504;196.580000000;10;9563803649;B
20240208;101506;196.580000000;40;9563804109;B
20240208;101507;196.520000000;20;9563804955;S
20240208;101509;196.520000000;40;9563805769;S
20240208;101509;196.520000000;650;9563805770;S
20240208;101509;196.500000000;10;9563805771;S
20240208;101509;196.500000000;50;9563805772;S
20240208;101509;196.500000000;90;9563805773;S
20240208;101509;196.500000000;200;9563805774;S
20240208;101509;196.500000000;50;9563805775;S
20240208;101509;196.500000000;50;9563805776;S
20240208;101509;196.500000000;30;9563805777;S
20240208;101509;196.500000000;10;9563805778;S
20240208;101509;196.500000000;30;9563805779;S
20240208;101509;196.500000000;100;9563805780;S
20240208;101509;196.500000000;10;9563805781;S
20240208;101509;196.500000000;10;9563805782;S
20240208;101509;196.500000000;10;9563805783;S
20240208;101509;196.500000000;70;9563805784;S
20240208;101510;196.500000000;20;9563805949;B
20240208;101513;196.480000000;20;9563806604;S
20240208;101514;196.480000000;40;9563806923;S
20240208;101514;196.480000000;20;9563806958;S
20240208;101514;196.460000000;20;9563806959;S
20240208;101514;196.460000000;70;9563806999;S
20240208;101515;196.460000000;10;9563807238;S
20240208;101518;196.460000000;100;9563808523;S
20240208;101518;196.440000000;100;9563808524;S
20240208;101521;196.400000000;20;9563809067;S
20240208;101521;196.400000000;20;9563809096;S
20240208;101521;196.400000000;40;9563809137;S
20240208;101521;196.400000000;10;9563809335;S
20240208;101522;196.460000000;10;9563809418;B
20240208;101522;196.460000000;10;9563809675;B
20240208;101523;196.400000000;10;9563809902;S
20240208;101524;196.440000000;20;9563810214;B
20240208;101528;196.420000000;10;9563811263;B
20240208;101530;196.460000000;300;9563811664;B
20240208;101530;196.480000000;100;9563811665;B
20240208;101530;196.400000000;200;9563811678;S
20240208;101530;196.400000000;10;9563811876;S
20240208;101531;196.480000000;10;9563812095;B
20240208;101531;196.480000000;10;9563812219;B
20240208;101533;196.460000000;300;9563812623;S
20240208;101535;196.400000000;40;9563813412;S
20240208;101535;196.400000000;10;9563813413;S
20240208;101535;196.400000000;10;9563813414;S
20240208;101538;196.400000000;40;9563814059;S
20240208;101539;196.480000000;10;9563814402;B
20240208;101539;196.400000000;150;9563814500;S
20240208;101539;196.400000000;30;9563814501;S
20240208;101542;196.440000000;250;9563815859;B
20240208;101545;196.480000000;20;9563816781;B
20240208;101545;196.480000000;720;9563816789;B
20240208;101545;196.480000000;20;9563816790;B
20240208;101546;196.460000000;30;9563816956;B
20240208;101547;196.400000000;20;9563817377;S
20240208;101547;196.400000000;40;9563817378;S
20240208;101547;196.400000000;460;9563817383;S
20240208;101547;196.380000000;70;9563817384;S
20240208;101547;196.360000000;270;9563817385;S
20240208;101550;196.340000000;10;9563818141;S
20240208;101550;196.340000000;10;9563818142;S
20240208;101551;196.440000000;30;9563818353;B
20240208;101553;196.400000000;10;9563818977;S
20240208;101556;196.400000000;40;9563819570;S
20240208;101556;196.400000000;50;9563819571;S
20240208;101556;196.380000000;70;9563819572;S
20240208;101556;196.360000000;510;9563819573;S
20240208;101556;196.360000000;110;9563819574;S
20240208;101556;196.340000000;420;9563819575;S
20240208;101559;196.460000000;300;9563820740;B
20240208;101608;196.400000000;70;9563823155;S
20240208;101608;196.380000000;20;9563823156;S
20240208;101610;196.380000000;130;9563823516;S
20240208;101612;196.460000000;20;9563824084;B
20240208;101614;196.460000000;20;9563824442;B
20240208;101620;196.380000000;50;9563826045;S
20240208;101623;196.460000000;1000;9563826675;B
20240208;101625;196.380000000;50;9563826988;S
20240208;101625;196.380000000;20;9563826989;S
20240208;101626;196.380000000;10;9563827160;B
20240208;101626;196.360000000;200;9563827172;S
20240208;101626;196.360000000;510;9563827173;S
20240208;101626;196.360000000;770;9563827174;S
20240208;101626;196.340000000;30;9563827175;S
20240208;101628;196.440000000;10;9563827349;B
20240208;101630;196.360000000;200;9563827701;S
20240208;101640;196.440000000;10;9563830208;B
20240208;101643;196.440000000;10;9563830726;B
20240208;101643;196.360000000;250;9563830793;S
20240208;101645;196.440000000;20;9563831249;B
20240208;101648;196.360000000;50;9563831821;S
20240208;101648;196.360000000;10;9563831822;S
20240208;101648;196.340000000;130;9563831823;S
20240208;101652;196.360000000;30;9563832828;B
20240208;101652;196.400000000;10;9563832911;B
20240208;101652;196.400000000;10;9563832935;B
20240208;101655;196.360000000;60;9563833463;S
20240208;101659;196.400000000;490;9563834477;B
20240208;101701;196.380000000;70;9563834833;S
20240208;101701;196.360000000;770;9563834834;S
20240208;101701;196.360000000;510;9563834835;S
20240208;101701;196.340000000;40;9563834836;S
20240208;101701;196.340000000;10;9563834837;S
20240208;101701;196.340000000;200;9563834838;S
20240208;101701;196.340000000;10;9563834839;S
20240208;101701;196.340000000;100;9563834840;S
20240208;101701;196.340000000;1270;9563834841;S
20240208;101701;196.320000000;300;9563834842;S
20240208;101701;196.300000000;500;9563834843;S
20240208;101701;196.300000000;10;9563834844;S
20240208;101701;196.300000000;10;9563834845;S
20240208;101701;196.300000000;10;9563834846;S
20240208;101701;196.300000000;100;9563834847;S
20240208;101701;196.280000000;190;9563834848;S
20240208;101701;196.260000000;150;9563834849;S
20240208;101701;196.240000000;200;9563834850;S
20240208;101701;196.240000000;500;9563834851;S
20240208;101701;196.220000000;10;9563834852;S
20240208;101701;196.220000000;10;9563834853;S
20240208;101701;196.220000000;10;9563834854;S
20240208;101701;196.220000000;350;9563834855;S
20240208;101701;196.200000000;20;9563834856;S
20240208;101701;196.200000000;20;9563834857;S
20240208;101701;196.200000000;4630;9563834858;S
20240208;101702;196.300000000;10;9563835020;S
20240208;101702;196.280000000;60;9563835022;S
20240208;101702;196.260000000;190;9563835023;S
20240208;101702;196.260000000;320;9563835165;S
20240208;101702;196.240000000;180;9563835166;S
20240208;101702;196.260000000;50;9563835169;S
20240208;101706;196.380000000;10;9563835920;B
20240208;101714;196.360000000;100;9563837771;S
20240208;101715;196.300000000;80;9563837997;B
20240208;101725;196.300000000;10;9563840500;B
20240208;101725;196.300000000;700;9563840620;B
20240208;101728;196.300000000;2550;9563841181;B
20240208;101730;196.300000000;20;9563842377;B
20240208;101732;196.380000000;1830;9563843101;B
20240208;101732;196.400000000;300;9563843102;B
20240208;101732;196.400000000;420;9563843103;B
20240208;101733;196.400000000;10;9563843434;B
20240208;101737;196.400000000;70;9563844302;B
20240208;101737;196.440000000;30;9563844303;B
20240208;101737;196.440000000;160;9563844483;B
20240208;101737;196.440000000;20;9563844484;B
20240208;101738;196.460000000;20;9563844697;B
20240208;101741;196.320000000;20;9563845283;S
20240208;101743;196.460000000;20;9563845574;B
20240208;101746;196.440000000;240;9563846299;B
20240208;101753;196.440000000;10;9563847772;B
20240208;101755;196.340000000;70;9563848053;S
20240208;101755;196.320000000;10;9563848054;S
20240208;101756;196.460000000;30;9563848248;B
20240208;101802;196.480000000;500;9563849738;B
20240208;101802;196.480000000;30;9563849739;B
20240208;101802;196.480000000;970;9563849740;B
20240208;101802;196.480000000;50;9563849887;B
20240208;101807;196.400000000;70;9563851907;S
20240208;101809;196.460000000;10;9563852685;S
20240208;101819;196.480000000;10;9563855312;S
20240208;101822;196.460000000;50;9563855892;B
20240208;101827;196.460000000;60;9563856960;B
20240208;101830;196.460000000;50;9563857796;B
20240208;101831;196.460000000;200;9563858002;B
20240208;101831;196.440000000;10;9563858045;S
20240208;101831;196.440000000;20;9563858100;S
20240208;101833;196.440000000;10;9563858522;S
20240208;101834;196.460000000;10;9563858710;B
20240208;101836;196.460000000;20;9563859132;B
20240208;101836;196.440000000;10;9563859158;S
20240208;101836;196.440000000;70;9563859191;S
20240208;101836;196.420000000;20;9563859192;S
20240208;101836;196.400000000;10;9563859209;S
20240208;101836;196.400000000;20;9563859222;S
20240208;101842;196.460000000;370;9563860612;B
20240208;101842;196.460000000;10;9563860732;S
20240208;101842;196.460000000;10;9563860744;S
20240208;101842;196.460000000;20;9563860752;S
20240208;101842;196.460000000;10;9563860766;S
20240208;101842;196.460000000;20;9563860780;S
20240208;101843;196.460000000;80;9563860898;S
20240208;101843;196.460000000;30;9563860910;S
20240208;101843;196.460000000;600;9563860931;S
20240208;101843;196.460000000;10;9563860959;S
20240208;101843;196.460000000;10;9563861009;S
20240208;101844;196.460000000;10;9563861112;S
20240208;101844;196.460000000;20;9563861135;S
20240208;101844;196.460000000;10;9563861154;S
20240208;101844;196.460000000;260;9563861174;S
20240208;101844;196.460000000;10;9563861185;S
20240208;101844;196.460000000;20;9563861220;S
20240208;101844;196.460000000;10;9563861265;S
20240208;101844;196.460000000;10;9563861273;S
20240208;101845;196.460000000;10;9563861292;S
20240208;101845;196.460000000;10;9563861330;S
20240208;101845;196.460000000;10;9563861348;S
20240208;101845;196.460000000;30;9563861386;S
20240208;101845;196.460000000;10;9563861390;S
20240208;101845;196.460000000;30;9563861435;S
20240208;101845;196.460000000;10;9563861438;S
20240208;101845;196.460000000;10;9563861452;S
20240208;101846;196.460000000;20;9563861501;S
20240208;101846;196.460000000;10;9563861502;S
20240208;101846;196.460000000;10;9563861557;S
20240208;101846;196.460000000;30;9563861574;S
20240208;101847;196.460000000;10;9563861731;S
20240208;101847;196.460000000;10;9563861734;S
20240208;101847;196.460000000;10;9563861767;S
20240208;101847;196.460000000;10;9563861768;S
20240208;101847;196.460000000;10;9563861790;S
20240208;101847;196.460000000;80;9563861792;S
20240208;101847;196.460000000;10;9563861797;S
20240208;101847;196.460000000;20;9563861922;S
20240208;101847;196.460000000;10;9563861925;S
20240208;101848;196.460000000;30;9563861969;S
20240208;101848;196.460000000;10;9563861972;S
20240208;101848;196.480000000;10;9563861975;B
20240208;101848;196.460000000;10;9563861976;S
20240208;101848;196.460000000;100;9563862015;S
20240208;101848;196.460000000;40;9563862048;S
20240208;101848;196.460000000;10;9563862049;S
20240208;101848;196.460000000;20;9563862077;S
20240208;101848;196.460000000;20;9563862083;S
20240208;101848;196.480000000;10;9563862088;B
20240208;101849;196.460000000;30;9563862101;S
20240208;101849;196.460000000;10;9563862102;S
20240208;101849;196.460000000;20;9563862107;S
20240208;101849;196.460000000;10;9563862110;S
20240208;101849;196.460000000;20;9563862170;S
20240208;101849;196.460000000;10;9563862172;S
20240208;101849;196.460000000;10;9563862251;S
20240208;101849;196.460000000;10;9563862262;S
20240208;101849;196.480000000;10;9563862266;B
20240208;101849;196.460000000;10;9563862267;S
20240208;101849;196.460000000;10;9563862279;S
20240208;101849;196.460000000;10;9563862284;S
20240208;101849;196.460000000;10;9563862285;S
20240208;101850;196.460000000;10;9563862341;S
20240208;101850;196.460000000;10;9563862343;S
20240208;101850;196.460000000;10;9563862389;S
20240208;101850;196.460000000;10;9563862415;S
20240208;101850;196.460000000;10;9563862442;S
20240208;101850;196.460000000;10;9563862457;S
20240208;101850;196.460000000;50;9563862462;S
20240208;101850;196.460000000;10;9563862472;S
20240208;101850;196.460000000;50;9563862475;S
20240208;101851;196.460000000;10;9563862501;S
20240208;101851;196.460000000;80;9563862513;S
20240208;101851;196.460000000;200;9563862514;S
20240208;101852;196.440000000;40;9563862716;B
20240208;101857;196.400000000;10;9563863909;S
20240208;101858;196.400000000;10;9563864133;S
20240208;101900;196.400000000;10;9563864517;S
20240208;101903;196.420000000;10;9563865180;S
20240208;101903;196.420000000;10;9563865223;S
20240208;101904;196.400000000;30;9563865248;S
20240208;101904;196.400000000;30;9563865251;S
20240208;101904;196.400000000;10;9563865254;S
20240208;101904;196.400000000;30;9563865255;S
20240208;101904;196.400000000;10;9563865262;S
20240208;101905;196.440000000;180;9563865617;B
20240208;101905;196.440000000;10;9563865618;B
20240208;101905;196.460000000;110;9563865619;B
20240208;101905;196.400000000;10;9563865637;S
20240208;101906;196.460000000;10;9563865788;B
20240208;101907;196.460000000;10;9563865902;S
20240208;101907;196.440000000;10;9563865912;S
20240208;101910;196.460000000;30;9563866490;S
20240208;101910;196.440000000;10;9563866541;S
20240208;101910;196.440000000;30;9563866562;S
20240208;101912;196.440000000;10;9563866963;S
20240208;101912;196.460000000;20;9563867234;S
20240208;101913;196.480000000;10;9563867593;B
20240208;101923;196.440000000;10;9563869648;S
20240208;101923;196.460000000;20;9563869651;B
20240208;101923;196.480000000;4950;9563869652;B
20240208;101923;196.480000000;30;9563869653;B
20240208;101925;196.480000000;180;9563870032;B
20240208;101925;196.480000000;290;9563870033;B
20240208;101925;196.480000000;50;9563870034;B
20240208;101925;196.480000000;550;9563870035;B
20240208;101925;196.460000000;60;9563870040;S
20240208;101925;196.440000000;10;9563870041;S
20240208;101926;196.440000000;10;9563870145;S
20240208;101932;196.460000000;10;9563871642;S
20240208;101933;196.440000000;170;9563871848;S
20240208;101935;196.440000000;320;9563872152;S
20240208;101935;196.440000000;590;9563872153;B
20240208;101937;196.460000000;10;9563872676;S
20240208;101940;196.500000000;50;9563873265;B
20240208;101940;196.500000000;10;9563873266;B
20240208;101941;196.500000000;10;9563873598;B
20240208;101944;196.500000000;20;9563874128;B
20240208;101948;196.460000000;60;9563875058;S
20240208;101949;196.460000000;30;9563875685;S
20240208;101949;196.440000000;30;9563875686;S
20240208;101958;196.440000000;10;9563877612;S
20240208;101959;196.440000000;10;9563877754;S
20240208;101959;196.440000000;10;9563877796;S
20240208;101959;196.440000000;10;9563877804;S
20240208;101959;196.440000000;20;9563877819;S
20240208;101959;196.440000000;10;9563877854;S
20240208;102000;196.440000000;160;9563877927;S
20240208;102000;196.440000000;40;9563877928;S
20240208;102001;196.460000000;10;9563878096;B
20240208;102001;196.480000000;40;9563878097;B
20240208;102002;196.420000000;10;9563878457;S
20240208;102004;196.420000000;10;9563878720;S
20240208;102007;196.480000000;30;9563879594;B
20240208;102007;196.480000000;170;9563879610;B
20240208;102007;196.480000000;470;9563879611;B
20240208;102009;196.480000000;30;9563879841;B
20240208;102011;196.480000000;30;9563880485;S
20240208;102011;196.460000000;190;9563880486;S
20240208;102018;196.480000000;70;9563882087;S
20240208;102020;196.480000000;10;9563884493;S
20240208;102021;196.480000000;10;9563884938;S
20240208;102021;196.500000000;200;9563885453;B
20240208;102024;196.480000000;10;9563886069;S
20240208;102025;196.500000000;10;9563886690;B
20240208;102031;196.460000000;200;9563888788;S
20240208;102034;196.480000000;10;9563890567;B
20240208;102034;196.480000000;70;9563890568;B
20240208;102041;196.440000000;10;9563894232;S
20240208;102041;196.420000000;200;9563894233;S
20240208;102041;196.420000000;100;9563894234;S
20240208;102041;196.400000000;40;9563894235;S
20240208;102041;196.480000000;100;9563894319;B
20240208;102044;196.460000000;10;9563894784;B
20240208;102044;196.460000000;30;9563894894;B
20240208;102045;196.440000000;100;9563894913;S
20240208;102047;196.420000000;210;9563896391;S
20240208;102047;196.420000000;40;9563896392;S
20240208;102048;196.440000000;40;9563896667;B
20240208;102049;196.440000000;40;9563897003;S
20240208;102052;196.460000000;10;9563897413;B
20240208;102054;196.440000000;110;9563898131;S
20240208;102054;196.440000000;100;9563898132;S
20240208;102054;196.420000000;730;9563898133;S
20240208;102054;196.420000000;510;9563898134;S
20240208;102054;196.420000000;30;9563898135;S
20240208;102054;196.400000000;170;9563898136;S
20240208;102102;196.400000000;1100;9563902061;S
20240208;102102;196.400000000;200;9563902062;S
20240208;102102;196.400000000;1290;9563902063;S
20240208;102103;196.440000000;40;9563902323;B
20240208;102108;196.400000000;10;9563903426;S
20240208;102109;196.440000000;110;9563903571;B
20240208;102109;196.440000000;90;9563903572;B
20240208;102114;196.400000000;500;9563905567;S
20240208;102115;196.400000000;80;9563905630;S
20240208;102118;196.440000000;50;9563906659;B
20240208;102120;196.400000000;150;9563906986;S
20240208;102121;196.440000000;50;9563907154;B
20240208;102122;196.400000000;1970;9563907926;S
20240208;102122;196.400000000;100;9563907927;S
20240208;102122;196.400000000;1890;9563907928;S
20240208;102125;196.400000000;60;9563908251;S
20240208;102130;196.400000000;2050;9563910518;S
20240208;102130;196.400000000;50;9563910519;S
20240208;102130;196.400000000;10;9563910520;S
20240208;102130;196.400000000;100;9563910521;S
20240208;102130;196.400000000;10;9563910522;S
20240208;102130;196.380000000;110;9563910523;S
20240208;102130;196.360000000;190;9563910524;S
20240208;102130;196.340000000;1000;9563910525;S
20240208;102130;196.320000000;1000;9563910526;S
20240208;102130;196.300000000;10;9563910527;S
20240208;102130;196.300000000;10;9563910528;S
20240208;102130;196.300000000;20;9563910529;S
20240208;102130;196.280000000;100;9563910530;S
20240208;102130;196.280000000;50;9563910531;S
20240208;102130;196.260000000;360;9563910532;S
20240208;102130;196.260000000;510;9563910533;S
20240208;102130;196.260000000;1840;9563910534;S
20240208;102130;196.260000000;580;9563910535;S
20240208;102132;196.300000000;10;9563911534;B
20240208;102135;196.240000000;1000;9563912198;S
20240208;102135;196.220000000;150;9563912199;S
20240208;102135;196.220000000;10;9563912200;S
20240208;102135;196.220000000;160;9563912201;S
20240208;102135;196.220000000;110;9563912202;S
20240208;102135;196.200000000;190;9563912203;S
20240208;102135;196.200000000;40;9563912204;S
20240208;102135;196.200000000;20;9563912205;S
20240208;102135;196.200000000;20;9563912206;S
20240208;102135;196.200000000;800;9563912207;S
20240208;102135;196.200000000;300;9563912218;S
20240208;102139;196.280000000;560;9563913066;B
20240208;102139;196.300000000;450;9563913067;B
20240208;102139;196.300000000;30;9563913171;B
20240208;102148;196.280000000;100;9563916397;B
20240208;102148;196.280000000;10;9563916534;B
20240208;102150;196.280000000;10;9563917592;B
20240208;102151;196.240000000;100;9563917742;S
20240208;102158;196.240000000;10;9563919662;B
20240208;102158;196.220000000;30;9563919700;S
20240208;102158;196.220000000;10;9563919701;S
20240208;102158;196.220000000;110;9563919702;S
20240208;102158;196.220000000;100;9563919703;S
20240208;102158;196.220000000;520;9563919704;B
20240208;102201;196.280000000;500;9563920216;B
20240208;102203;196.280000000;30;9563921206;B
20240208;102204;196.260000000;10;9563921410;S
20240208;102204;196.220000000;30;9563921411;S
20240208;102208;196.280000000;20;9563923683;B
20240208;102221;196.280000000;10;9563927561;B
20240208;102234;196.240000000;10;9563933082;B
20240208;102237;196.240000000;10;9563934113;B
20240208;102237;196.240000000;100;9563934145;B
20240208;102243;196.220000000;10;9563935999;S
20240208;102243;196.220000000;90;9563936037;S
20240208;102243;196.200000000;10;9563936038;S
20240208;102244;196.200000000;90;9563936852;S
20240208;102246;196.220000000;100;9563937214;B
20240208;102246;196.220000000;110;9563937223;S
20240208;102248;196.200000000;250;9563937727;S
20240208;102251;196.220000000;40;9563939366;B
20240208;102251;196.200000000;50;9563939437;S
20240208;102257;196.220000000;10;9563941081;B
20240208;102257;196.220000000;120;9563941840;B
20240208;102259;196.220000000;100;9563942194;B
20240208;102259;196.200000000;10;9563942195;S
20240208;102303;196.200000000;620;9563944136;S
20240208;102305;196.220000000;10;9563944598;B
20240208;102305;196.220000000;10;9563944643;B
20240208;102309;196.220000000;20;9563946360;B
20240208;102312;196.200000000;530;9563946966;S
20240208;102318;196.200000000;2340;9563949335;S
20240208;102318;196.200000000;50;9563949336;S
20240208;102320;196.200000000;20;9563950141;S
20240208;102320;196.200000000;20;9563950142;S
20240208;102320;196.200000000;100;9563950143;S
20240208;102320;196.200000000;10;9563950144;S
20240208;102320;196.200000000;10;9563950145;S
20240208;102320;196.200000000;10;9563950146;S
20240208;102320;196.200000000;390;9563950167;B
20240208;102320;196.200000000;120;9563950168;B
20240208;102320;196.200000000;770;9563950169;B
20240208;102320;196.200000000;870;9563950170;B
20240208;102320;196.200000000;510;9563950171;B
20240208;102320;196.220000000;230;9563950172;B
20240208;102320;196.220000000;10;9563950173;B
20240208;102320;196.220000000;300;9563950174;B
20240208;102322;196.200000000;770;9563950766;B
20240208;102322;196.200000000;430;9563950767;B
20240208;102324;196.200000000;10;9563951106;B
20240208;102324;196.180000000;100;9563951130;S
20240208;102324;196.180000000;10;9563951168;B
20240208;102324;196.160000000;10;9563951169;S
20240208;102327;196.200000000;20;9563951946;B
20240208;102332;196.200000000;100;9563953667;B
20240208;102332;196.200000000;80;9563953689;B
20240208;102333;196.200000000;120;9563953834;B
20240208;102335;196.180000000;1000;9563954820;S
20240208;102335;196.160000000;200;9563954821;S
20240208;102335;196.160000000;10;9563954822;S
20240208;102335;196.160000000;1000;9563954823;S
20240208;102335;196.160000000;100;9563954824;S
20240208;102335;196.160000000;10;9563954825;S
20240208;102335;196.160000000;10;9563954826;S
20240208;102335;196.160000000;120;9563954827;S
20240208;102335;196.140000000;100;9563954828;S
20240208;102335;196.140000000;10;9563954829;S
20240208;102335;196.140000000;10;9563954830;S
20240208;102335;196.140000000;10;9563954831;S
20240208;102335;196.140000000;100;9563954832;S
20240208;102335;196.140000000;10;9563954833;S
20240208;102335;196.140000000;10;9563954834;S
20240208;102335;196.140000000;10;9563954835;S
20240208;102335;196.120000000;150;9563954836;S
20240208;102335;196.120000000;10;9563954837;S
20240208;102335;196.120000000;100;9563954838;S
20240208;102335;196.120000000;10;9563954839;S
20240208;102335;196.120000000;10;9563954840;S
20240208;102335;196.100000000;100;9563954841;S
20240208;102335;196.100000000;10;9563954842;S
20240208;102335;196.100000000;20;9563954843;S
20240208;102335;196.100000000;10;9563954844;S
20240208;102335;196.100000000;30;9563954845;S
20240208;102335;196.100000000;10;9563954846;S
20240208;102335;196.100000000;160;9563954847;S
20240208;102335;196.080000000;200;9563954848;S
20240208;102335;196.080000000;50;9563954849;S
20240208;102335;196.080000000;100;9563954850;S
20240208;102335;196.080000000;30;9563954851;S
20240208;102335;196.080000000;10;9563954852;S
20240208;102335;196.060000000;50;9563954853;S
20240208;102335;196.060000000;460;9563954854;S
20240208;102335;196.040000000;20;9563954855;S
20240208;102335;196.040000000;10;9563954856;S
20240208;102335;196.040000000;10;9563954857;S
20240208;102335;196.040000000;10;9563954858;S
20240208;102335;196.040000000;100;9563954859;S
20240208;102335;196.040000000;510;9563954860;S
20240208;102335;196.040000000;600;9563954861;S
20240208;102335;196.040000000;770;9563954862;S
20240208;102335;196.020000000;10;9563954863;S
20240208;102335;196.020000000;10;9563954864;S
20240208;102335;196.020000000;1720;9563954865;S
20240208;102335;196.060000000;10;9563954878;S
20240208;102337;196.140000000;100;9563955949;B
20240208;102341;196.100000000;20;9563956778;S
20240208;102341;196.080000000;20;9563956779;S
20240208;102352;196.080000000;500;9563960269;S
20240208;102357;196.140000000;10;9563961620;B
20240208;102358;196.140000000;100;9563961856;S
20240208;102358;196.100000000;120;9563961857;S
20240208;102358;196.080000000;480;9563961858;S
20240208;102358;196.080000000;100;9563961859;S
20240208;102358;196.060000000;10;9563961868;S
20240208;102358;196.060000000;10;9563961869;S
20240208;102401;196.080000000;10;9563963689;B
20240208;102402;196.080000000;50;9563963935;B
20240208;102403;196.040000000;70;9563964149;S
20240208;102404;196.080000000;70;9563964608;B
20240208;102406;196.080000000;70;9563965643;B
20240208;102408;196.100000000;100;9563966735;B
20240208;102408;196.140000000;650;9563966736;B
20240208;102409;196.080000000;30;9563966883;S
20240208;102409;196.080000000;10;9563966884;S
20240208;102409;196.080000000;100;9563966885;S
20240208;102409;196.060000000;110;9563966886;S
20240208;102409;196.040000000;430;9563966887;S
20240208;102409;196.040000000;10;9563966888;S
20240208;102409;196.040000000;20;9563966889;S
20240208;102409;196.040000000;380;9563966890;S
20240208;102409;196.020000000;500;9563966891;S
20240208;102409;196.020000000;60;9563966892;S
20240208;102409;196.020000000;10;9563966893;S
20240208;102409;196.020000000;50;9563966894;S
20240208;102409;196.020000000;30;9563966895;S
20240208;102409;196.020000000;10;9563966896;S
20240208;102409;196.020000000;10;9563966897;S
20240208;102409;196.020000000;100;9563966898;S
20240208;102409;196.020000000;60;9563966899;S
20240208;102409;196.020000000;770;9563966900;S
20240208;102409;196.000000000;10;9563966901;S
20240208;102409;196.000000000;10;9563966902;S
20240208;102409;196.000000000;10;9563966903;S
20240208;102409;196.000000000;10;9563966904;S
20240208;102409;196.000000000;1000;9563966905;S
20240208;102409;196.000000000;10;9563966906;S
20240208;102409;196.000000000;80;9563966907;S
20240208;102409;196.000000000;10;9563966908;S
20240208;102409;196.000000000;90;9563966909;S
20240208;102409;196.000000000;10;9563966910;S
20240208;102409;196.000000000;150;9563966911;S
20240208;102409;196.000000000;10;9563966912;S
20240208;102409;196.000000000;1000;9563966913;S
20240208;102409;196.000000000;10;9563966914;S
20240208;102409;196.000000000;180;9563966915;S
20240208;102409;196.000000000;10;9563966916;S
20240208;102409;196.000000000;710;9563966917;S
20240208;102409;196.120000000;10;9563966985;B
20240208;102409;196.000000000;30;9563966995;S
20240208;102409;196.120000000;10;9563967094;B
20240208;102409;196.100000000;10;9563967097;B
20240208;102409;196.000000000;100;9563967127;S
20240208;102410;196.000000000;100;9563967140;S
20240208;102410;196.120000000;30;9563967230;B
20240208;102410;196.020000000;10;9563967231;S
20240208;102410;196.120000000;10;9563967233;B
20240208;102410;196.140000000;10;9563967257;B
20240208;102414;196.160000000;10;9563968703;B
20240208;102419;196.100000000;10;9563970901;S
20240208;102419;196.100000000;10;9563970975;S
20240208;102421;196.100000000;80;9563972193;S
20240208;102421;196.100000000;100;9563972194;S
20240208;102421;196.100000000;100;9563972195;S
20240208;102421;196.080000000;20;9563972196;S
20240208;102428;196.180000000;70;9563974802;B
20240208;102429;196.160000000;100;9563976652;S
20240208;102429;196.160000000;10;9563976834;S
20240208;102434;196.180000000;10;9563977727;B
20240208;102437;196.180000000;50;9563978424;B
20240208;102439;196.180000000;40;9563980200;B
20240208;102442;196.180000000;20;9563980883;B
20240208;102443;196.180000000;10;9563981271;B
20240208;102443;196.180000000;10;9563981296;B
20240208;102443;196.180000000;10;9563981336;B
20240208;102443;196.180000000;10;9563981421;B
20240208;102443;196.180000000;10;9563981470;B
20240208;102444;196.180000000;20;9563981528;B
20240208;102444;196.180000000;10;9563981570;B
20240208;102445;196.160000000;50;9563981988;S
20240208;102445;196.180000000;20;9563982011;B
20240208;102452;196.180000000;20;9563985574;B
20240208;102452;196.160000000;20;9563985607;S
20240208;102455;196.160000000;320;9563986332;S
20240208;102455;196.160000000;10;9563986333;S
20240208;102455;196.160000000;10;9563986334;S
20240208;102455;196.160000000;50;9563986335;S
20240208;102455;196.140000000;10;9563986336;S
20240208;102455;196.120000000;360;9563986337;S
20240208;102459;196.140000000;10;9563988296;B
20240208;102503;196.120000000;10;9563989056;S
20240208;102503;196.100000000;40;9563989057;S
20240208;102503;196.120000000;10;9563989320;B
20240208;102505;196.120000000;30;9563989580;B
20240208;102514;196.100000000;20;9563992415;S
20240208;102515;196.100000000;40;9563992619;S
20240208;102515;196.100000000;60;9563992620;S
20240208;102517;196.120000000;10;9563992827;B
20240208;102518;196.120000000;10;9563992939;B
20240208;102518;196.100000000;40;9563992993;S
20240208;102518;196.100000000;1000;9563992994;S
20240208;102518;196.100000000;100;9563992995;S
20240208;102518;196.100000000;10;9563992996;S
20240208;102518;196.080000000;100;9563992997;S
20240208;102518;196.080000000;10;9563992998;S
20240208;102518;196.080000000;120;9563992999;S
20240208;102518;196.060000000;10;9563993000;S
20240208;102518;196.060000000;30;9563993001;S
20240208;102518;196.060000000;770;9563993002;S
20240208;102518;196.060000000;300;9563993003;S
20240208;102520;196.040000000;10;9563994057;S
20240208;102520;196.040000000;190;9563994058;S
20240208;102523;196.040000000;250;9563994491;S
20240208;102525;196.060000000;10;9563994752;B
20240208;102530;196.060000000;20;9563996659;B
20240208;102530;196.060000000;70;9563996668;B
20240208;102530;196.060000000;10;9563996740;B
20240208;102531;196.040000000;50;9563997862;S
20240208;102531;196.060000000;190;9563997901;B
20240208;102532;196.040000000;800;9563998009;S
20240208;102534;196.060000000;10;9563998357;B
20240208;102536;196.040000000;50;9563998572;S
20240208;102537;196.060000000;200;9564000612;B
20240208;102542;196.040000000;10;9564001239;S
20240208;102542;196.040000000;500;9564001507;S
20240208;102549;196.040000000;510;9564003423;S
20240208;102549;196.040000000;10;9564003424;S
20240208;102549;196.040000000;20;9564003425;S
20240208;102550;196.060000000;80;9564003583;B
20240208;102552;196.040000000;10;9564004651;S
20240208;102552;196.060000000;10;9564004699;B
20240208;102553;196.060000000;100;9564004770;B
20240208;102553;196.040000000;10;9564004773;S
20240208;102553;196.040000000;20;9564004871;S
20240208;102556;196.040000000;420;9564005793;S
20240208;102556;196.040000000;500;9564005794;S
20240208;102556;196.020000000;10;9564005795;S
20240208;102556;196.020000000;10;9564005796;S
20240208;102556;196.020000000;10;9564005797;S
20240208;102556;196.000000000;4160;9564005798;S
20240208;102556;196.000000000;500;9564005799;S
20240208;102556;196.000000000;10;9564005800;S
20240208;102556;196.000000000;10;9564005801;S
20240208;102556;196.000000000;10;9564005802;S
20240208;102556;196.000000000;1000;9564005803;S
20240208;102556;196.000000000;60;9564005804;S
20240208;102556;196.000000000;150;9564005805;S
20240208;102556;196.000000000;10;9564005806;S
20240208;102556;196.000000000;10;9564005807;S
20240208;102556;196.000000000;10;9564005808;S
20240208;102556;196.000000000;50;9564005809;S
20240208;102556;196.000000000;10;9564005810;S
20240208;102556;196.000000000;300;9564005811;S
20240208;102556;196.000000000;150;9564005812;S
20240208;102556;196.000000000;1000;9564005813;S
20240208;102556;196.000000000;10;9564005814;S
20240208;102556;196.000000000;1000;9564005815;S
20240208;102556;196.000000000;10;9564005816;S
20240208;102556;196.000000000;10;9564005817;S
20240208;102556;196.000000000;200;9564005818;S
20240208;102556;196.000000000;100;9564005819;S
20240208;102556;196.000000000;30;9564005820;S
20240208;102556;196.000000000;10;9564005821;S
20240208;102556;196.000000000;20;9564005822;S
20240208;102556;196.000000000;10;9564005823;S
20240208;102556;196.000000000;10;9564005824;S
20240208;102556;196.000000000;10;9564005825;S
20240208;102556;196.000000000;20;9564005826;S
20240208;102556;196.000000000;10;9564005827;S
20240208;102556;196.000000000;100;9564005828;S
20240208;102556;196.000000000;20;9564005829;S
20240208;102556;196.000000000;40;9564005830;S
20240208;102556;196.000000000;110;9564005920;S
20240208;102556;196.000000000;50;9564005921;S
20240208;102556;196.000000000;30;9564005922;S
20240208;102557;196.020000000;730;9564005972;B
20240208;102557;196.040000000;470;9564005973;B
20240208;102557;196.000000000;50;9564006006;S
20240208;102559;196.000000000;500;9564006381;S
20240208;102601;196.020000000;10;9564007317;B
20240208;102602;196.020000000;10;9564007463;B
20240208;102603;196.000000000;120;9564007697;S
20240208;102603;196.000000000;10;9564007698;S
20240208;102603;196.000000000;30;9564007699;S
20240208;102603;196.000000000;10;9564007700;S
20240208;102603;196.000000000;20;9564007701;S
20240208;102603;196.000000000;10;9564007702;S
20240208;102603;196.000000000;10;9564007703;S
20240208;102603;196.000000000;10;9564007704;S
20240208;102603;196.000000000;10;9564007705;S
20240208;102603;196.000000000;10;9564007706;S
20240208;102603;196.000000000;10;9564007707;S
20240208;102603;196.000000000;10;9564007708;S
20240208;102603;196.000000000;100;9564007709;S
20240208;102603;196.000000000;100;9564007710;S
20240208;102603;196.000000000;50;9564007711;S
20240208;102603;196.000000000;100;9564007712;S
20240208;102603;196.000000000;10;9564007713;S
20240208;102603;196.000000000;10;9564007714;S
20240208;102603;196.000000000;200;9564007715;S
20240208;102603;195.980000000;170;9564007716;S
20240208;102609;195.980000000;40;9564009995;S
20240208;102609;195.980000000;10;9564009996;S
20240208;102609;195.980000000;20;9564009997;S
20240208;102609;195.980000000;10;9564009998;S
20240208;102609;195.980000000;10;9564009999;S
20240208;102610;195.960000000;10;9564010420;S
20240208;102610;195.960000000;40;9564010421;S
20240208;102611;195.960000000;160;9564011420;S
20240208;102611;195.960000000;10;9564011421;S
20240208;102611;195.960000000;30;9564011422;S
20240208;102611;195.920000000;20;9564011423;S
20240208;102611;195.920000000;100;9564011424;S
20240208;102611;195.920000000;10;9564011425;S
20240208;102611;195.920000000;140;9564011426;S
20240208;102611;195.900000000;100;9564011427;S
20240208;102611;195.900000000;10;9564011428;S
20240208;102611;195.900000000;10;9564011429;S
20240208;102611;195.900000000;10;9564011430;S
20240208;102611;195.960000000;140;9564011487;B
20240208;102611;195.980000000;770;9564011488;B
20240208;102611;195.980000000;510;9564011489;B
20240208;102611;195.980000000;110;9564011490;B
20240208;102612;195.880000000;20;9564012199;S
20240208;102612;195.880000000;10;9564012200;S
20240208;102612;195.880000000;80;9564012201;S
20240208;102612;195.880000000;10;9564012202;S
20240208;102612;195.880000000;20;9564012203;S
20240208;102612;195.860000000;20;9564012204;S
20240208;102612;195.860000000;200;9564012205;S
20240208;102612;195.860000000;10;9564012206;S
20240208;102612;195.860000000;130;9564012207;S
20240208;102612;195.860000000;50;9564012208;S
20240208;102612;195.860000000;10;9564012209;S
20240208;102612;195.860000000;10;9564012210;S
20240208;102612;195.840000000;430;9564012211;S
20240208;102612;195.940000000;10;9564012395;B
20240208;102613;195.920000000;200;9564012542;B
20240208;102614;195.920000000;10;9564012800;B
20240208;102617;195.920000000;40;9564013953;B
20240208;102617;195.940000000;10;9564013954;B
20240208;102617;195.900000000;10;9564013999;S
20240208;102618;195.940000000;10;9564014132;B
20240208;102618;195.940000000;10;9564014187;B
20240208;102618;195.900000000;60;9564014205;S
20240208;102619;195.920000000;510;9564014247;B
20240208;102619;195.920000000;490;9564014248;B
20240208;102624;195.920000000;500;9564016066;S
20240208;102625;195.920000000;200;9564016207;S
20240208;102627;195.940000000;170;9564016563;B
20240208;102627;195.940000000;250;9564016564;B
20240208;102627;195.940000000;130;9564016565;B
20240208;102631;195.940000000;10;9564018108;B
20240208;102632;195.940000000;10;9564018532;B
20240208;102638;195.940000000;10;9564019932;B
20240208;102639;195.940000000;20;9564020030;B
20240208;102641;195.940000000;10;9564020776;B
20240208;102643;195.920000000;10;9564021076;S
20240208;102643;195.920000000;10;9564021077;S
20240208;102643;195.920000000;900;9564021078;S
20240208;102643;195.920000000;80;9564021079;S
20240208;102643;195.940000000;10;9564021107;B
20240208;102648;195.940000000;100;9564022118;B
20240208;102649;195.940000000;100;9564022280;B
20240208;102651;195.940000000;10;9564022638;B
20240208;102651;195.920000000;20;9564022705;S
20240208;102652;195.920000000;200;9564022836;B
20240208;102653;195.900000000;300;9564022916;S
20240208;102653;195.900000000;300;9564022948;S
20240208;102654;195.900000000;300;9564022991;S
20240208;102654;195.920000000;410;9564023026;B
20240208;102654;195.920000000;1270;9564023027;B
20240208;102654;195.920000000;140;9564023028;B
20240208;102654;195.920000000;30;9564023029;B
20240208;102654;195.920000000;510;9564023030;B
20240208;102654;195.920000000;290;9564023031;B
20240208;102654;195.920000000;770;9564023032;B
20240208;102654;195.940000000;140;9564023033;B
20240208;102654;195.940000000;440;9564023034;B
20240208;102656;195.920000000;10;9564023452;B
20240208;102657;195.900000000;400;9564023605;S
20240208;102657;195.880000000;10;9564023606;S
20240208;102657;195.880000000;50;9564023607;S
20240208;102657;195.880000000;90;9564023608;S
20240208;102700;195.860000000;50;9564023939;S
20240208;102700;195.840000000;950;9564023940;S
20240208;102700;195.880000000;10;9564023954;B
20240208;102700;195.860000000;50;9564024021;B
20240208;102701;195.880000000;140;9564024142;B
20240208;102701;195.880000000;110;9564024143;B
20240208;102701;195.880000000;10;9564024161;B
20240208;102706;195.840000000;1050;9564024869;S
20240208;102707;195.880000000;10;9564025148;B
20240208;102709;195.840000000;20;9564025417;S
20240208;102709;195.880000000;100;9564025420;B
20240208;102711;195.840000000;1770;9564025858;S
20240208;102711;195.840000000;780;9564025859;S
20240208;102715;195.840000000;30;9564026669;S
20240208;102715;195.880000000;10;9564026688;B
20240208;102716;195.880000000;10;9564026800;B
20240208;102717;195.880000000;30;9564026950;B
20240208;102719;195.860000000;50;9564027239;S
20240208;102719;195.860000000;10;9564027240;S
20240208;102719;195.840000000;20;9564027241;S
20240208;102719;195.840000000;20;9564027242;S
20240208;102720;195.820000000;500;9564027471;S
20240208;102731;195.820000000;90;9564029289;S
20240208;102732;195.820000000;1610;9564029439;S
20240208;102732;195.820000000;100;9564029440;S
20240208;102732;195.820000000;10;9564029441;S
20240208;102732;195.820000000;10;9564029442;S
20240208;102732;195.820000000;10;9564029443;S
20240208;102732;195.820000000;400;9564029444;S
20240208;102732;195.820000000;300;9564029445;S
20240208;102732;195.820000000;10;9564029537;B
20240208;102735;195.820000000;10;9564030079;B
20240208;102736;195.820000000;10;9564030354;B
20240208;102737;195.800000000;10;9564030475;S
20240208;102737;195.800000000;10;9564030497;S
20240208;102737;195.800000000;80;9564030510;S
20240208;102737;195.800000000;3920;9564030511;S
20240208;102737;195.800000000;560;9564030513;S
20240208;102740;195.800000000;180;9564031005;S
20240208;102741;195.820000000;1530;9564031058;B
20240208;102741;195.820000000;1530;9564031239;B
20240208;102742;195.820000000;500;9564031280;B
20240208;102742;195.820000000;10;9564031337;B
20240208;102745;195.800000000;340;9564031669;S
20240208;102745;195.800000000;100;9564031670;S
20240208;102745;195.800000000;120;9564031671;S
20240208;102745;195.800000000;10;9564031672;S
20240208;102745;195.800000000;10;9564031673;S
20240208;102745;195.800000000;100;9564031674;S
20240208;102745;195.800000000;100;9564031675;S
20240208;102745;195.800000000;10;9564031676;S
20240208;102745;195.800000000;10;9564031677;S
20240208;102745;195.800000000;100;9564031678;S
20240208;102745;195.800000000;2050;9564031679;S
20240208;102745;195.800000000;10;9564031680;S
20240208;102745;195.800000000;10;9564031681;S
20240208;102745;195.800000000;10;9564031682;S
20240208;102745;195.800000000;20;9564031683;S
20240208;102745;195.800000000;30;9564031684;S
20240208;102745;195.800000000;10;9564031685;S
20240208;102745;195.780000000;80;9564031686;S
20240208;102745;195.780000000;140;9564031687;S
20240208;102745;195.760000000;10;9564031688;S
20240208;102745;195.760000000;10;9564031689;S
20240208;102745;195.740000000;10;9564031690;S
20240208;102745;195.720000000;10;9564031691;S
20240208;102745;195.720000000;1000;9564031692;S
20240208;102745;195.700000000;400;9564031693;S
20240208;102745;195.700000000;100;9564031694;S
20240208;102745;195.700000000;120;9564031695;S
20240208;102745;195.700000000;30;9564031696;S
20240208;102745;195.700000000;10;9564031697;S
20240208;102745;195.700000000;10;9564031698;S
20240208;102745;195.700000000;10;9564031699;S
20240208;102745;195.700000000;10;9564031700;S
20240208;102745;195.700000000;30;9564031701;S
20240208;102745;195.700000000;400;9564031702;S
20240208;102745;195.700000000;10;9564031703;S
20240208;102745;195.700000000;10;9564031704;S
20240208;102745;195.680000000;2000;9564031705;S
20240208;102745;195.680000000;10;9564031706;S
20240208;102745;195.660000000;150;9564031707;S
20240208;102745;195.660000000;10;9564031708;S
20240208;102745;195.660000000;10;9564031709;S
20240208;102745;195.640000000;20;9564031710;S
20240208;102745;195.640000000;340;9564031711;S
20240208;102745;195.640000000;770;9564031712;S
20240208;102745;195.620000000;50;9564031713;S
20240208;102745;195.620000000;10;9564031714;S
20240208;102745;195.620000000;10;9564031715;S
20240208;102745;195.620000000;190;9564031716;S
20240208;102745;195.620000000;760;9564031717;S
20240208;102745;195.620000000;510;9564031718;S
20240208;102745;195.600000000;60;9564031719;S
20240208;102745;195.600000000;10;9564031720;S
20240208;102745;195.600000000;100;9564031721;S
20240208;102745;195.600000000;600;9564031722;S
20240208;102745;195.600000000;10;9564031723;S
20240208;102745;195.600000000;300;9564031724;S
20240208;102745;195.600000000;10;9564031725;S
20240208;102745;195.600000000;10;9564031726;S
20240208;102745;195.600000000;10;9564031727;S
20240208;102745;195.600000000;10;9564031728;S
20240208;102745;195.600000000;50;9564031729;S
20240208;102745;195.600000000;40;9564031730;S
20240208;102745;195.600000000;300;9564031731;S
20240208;102745;195.600000000;10;9564031732;S
20240208;102745;195.600000000;10;9564031733;S
20240208;102745;195.600000000;2000;9564031734;S
20240208;102745;195.600000000;10;9564031735;S
20240208;102745;195.600000000;20;9564031736;S
20240208;102745;195.600000000;90;9564031737;S
20240208;102745;195.600000000;10;9564031738;S
20240208;102745;195.600000000;10;9564031739;S
20240208;102745;195.600000000;20;9564031740;S
20240208;102745;195.600000000;1270;9564031741;S
20240208;102745;195.580000000;30;9564031742;S
20240208;102745;195.580000000;10;9564031743;S
20240208;102745;195.580000000;10;9564031744;S
20240208;102745;195.580000000;4710;9564031745;S
20240208;102745;195.580000000;50;9564031753;S
20240208;102745;195.580000000;10;9564031754;S
20240208;102745;195.580000000;450;9564031755;S
20240208;102745;195.580000000;420;9564031756;S
20240208;102745;195.560000000;1200;9564031757;S
20240208;102745;195.560000000;1180;9564031758;S
20240208;102745;195.660000000;20;9564031759;B
20240208;102745;195.700000000;500;9564031761;B
20240208;102745;195.720000000;190;9564031762;B
20240208;102745;195.720000000;70;9564031763;B
20240208;102746;195.700000000;190;9564031792;B
20240208;102746;195.800000000;500;9564031793;B
20240208;102746;195.760000000;90;9564031795;B
20240208;102746;195.720000000;410;9564031840;S
20240208;102746;195.660000000;190;9564031841;S
20240208;102746;195.620000000;770;9564031842;S
20240208;102746;195.620000000;510;9564031843;S
20240208;102746;195.620000000;20;9564031844;S
20240208;102746;195.620000000;60;9564031845;S
20240208;102746;195.600000000;10;9564031846;S
20240208;102746;195.600000000;600;9564031847;S
20240208;102746;195.580000000;630;9564031848;S
20240208;102746;195.560000000;1800;9564031849;S
20240208;102748;195.760000000;60;9564032122;B
20240208;102749;195.760000000;20;9564032264;B
20240208;102749;195.760000000;130;9564032265;B
20240208;102749;195.780000000;150;9564032288;B
20240208;102749;195.760000000;150;9564032308;B
20240208;102750;195.780000000;150;9564032403;B
20240208;102750;195.780000000;150;9564032417;B
20240208;102750;195.780000000;120;9564032439;B
20240208;102750;195.800000000;30;9564032440;B
20240208;102757;195.740000000;10;9564033780;S
20240208;102757;195.720000000;50;9564033781;S
20240208;102757;195.700000000;10;9564033782;S
20240208;102757;195.700000000;50;9564033783;S
20240208;102800;195.780000000;250;9564034119;B
20240208;102802;195.780000000;10;9564034474;B
20240208;102805;195.780000000;20;9564034923;B
20240208;102806;195.780000000;30;9564035035;B
20240208;102810;195.700000000;10;9564035623;S
20240208;102810;195.700000000;90;9564035624;S
20240208;102812;195.700000000;10;9564035942;S
20240208;102813;195.780000000;10;9564036136;B
20240208;102813;195.780000000;50;9564036137;B
20240208;102818;195.720000000;150;9564036954;S
20240208;102818;195.720000000;10;9564036955;S
20240208;102818;195.700000000;670;9564036956;S
20240208;102818;195.700000000;470;9564036957;S
20240208;102818;195.700000000;30;9564036958;S
20240208;102818;195.680000000;500;9564036959;S
20240208;102818;195.660000000;510;9564036960;S
20240208;102818;195.660000000;30;9564036961;S
20240208;102818;195.640000000;6980;9564036962;S
20240208;102826;195.760000000;50;9564038122;S
20240208;102826;195.680000000;200;9564038177;S
20240208;102829;195.760000000;120;9564038760;B
20240208;102832;195.760000000;20;9564039416;B
20240208;102832;195.760000000;10;9564039427;B
20240208;102832;195.760000000;10;9564039442;B
20240208;102832;195.760000000;10;9564039456;B
20240208;102841;195.760000000;300;9564041829;B
20240208;102842;195.780000000;10;9564041891;B
20240208;102843;195.780000000;20;9564042233;B
20240208;102845;195.760000000;60;9564042636;S
20240208;102848;195.780000000;20;9564043168;B
20240208;102848;195.780000000;80;9564043169;B
20240208;102852;195.800000000;10;9564043910;B
20240208;102854;195.760000000;140;9564044218;S
20240208;102854;195.760000000;360;9564044219;S
20240208;102854;195.800000000;30;9564044240;B
20240208;102854;195.800000000;20;9564044252;B
20240208;102854;195.800000000;50;9564044263;B
20240208;102854;195.800000000;30;9564044273;B
20240208;102854;195.800000000;30;9564044285;B
20240208;102854;195.800000000;20;9564044293;B
20240208;102854;195.800000000;40;9564044294;B
20240208;102854;195.800000000;40;9564044303;B
20240208;102854;195.800000000;40;9564044311;B
20240208;102854;195.800000000;50;9564044319;B
20240208;102854;195.800000000;30;9564044327;B
20240208;102854;195.800000000;50;9564044335;B
20240208;102854;195.800000000;20;9564044339;B
20240208;102854;195.800000000;20;9564044345;B
20240208;102855;195.800000000;10;9564044494;B
20240208;102856;195.800000000;200;9564044579;B
20240208;102858;195.760000000;40;9564044726;S
20240208;102858;195.800000000;50;9564044727;B
20240208;102900;195.760000000;90;9564045052;S
20240208;102900;195.760000000;260;9564045053;B
20240208;102907;195.760000000;10;9564046216;B
20240208;102909;195.720000000;10;9564046390;S
20240208;102909;195.720000000;10;9564046391;S
20240208;102910;195.740000000;10;9564046617;B
20240208;102915;195.740000000;180;9564047296;B
20240208;102915;195.740000000;300;9564047695;S
20240208;102915;195.760000000;10;9564047699;B
20240208;102916;195.760000000;1240;9564047733;B
20240208;102916;195.760000000;10;9564047734;B
20240208;102916;195.760000000;50;9564047805;B
20240208;102917;195.780000000;240;9564047967;B
20240208;102917;195.800000000;450;9564047968;B
20240208;102917;195.800000000;170;9564047969;B
20240208;102917;195.800000000;70;9564047970;B
20240208;102917;195.800000000;150;9564047971;B
20240208;102917;195.820000000;30;9564047972;B
20240208;102917;195.820000000;320;9564047973;B
20240208;102917;195.820000000;190;9564047974;B
20240208;102917;195.820000000;40;9564047975;B
20240208;102917;195.840000000;300;9564047976;B
20240208;102917;195.860000000;280;9564047977;B
20240208;102917;195.880000000;200;9564048080;B
20240208;102918;195.900000000;10;9564048109;B
20240208;102918;195.900000000;240;9564048110;B
20240208;102918;195.920000000;400;9564048199;B
20240208;102919;195.940000000;30;9564048382;B
20240208;102927;195.940000000;10;9564050056;B
20240208;102932;195.940000000;10;9564050659;B
20240208;102932;195.940000000;10;9564050678;B
20240208;102932;195.940000000;40;9564050679;B
20240208;102932;195.960000000;20;9564050690;B
20240208;102943;195.960000000;10;9564052409;B
20240208;102943;195.960000000;50;9564052410;B
20240208;102953;195.960000000;100;9564054085;B
20240208;102954;195.960000000;20;9564054260;B
20240208;102955;195.900000000;50;9564054433;S
20240208;102955;195.840000000;190;9564054434;S
20240208;102955;195.820000000;140;9564054435;S
20240208;102955;195.800000000;20;9564054436;S
20240208;102958;195.800000000;10;9564054759;S
20240208;102958;195.920000000;30;9564054775;B
20240208;103001;195.920000000;500;9564055242;B
20240208;103002;195.920000000;30;9564055489;B
20240208;103007;195.920000000;50;9564056819;B
20240208;103014;195.820000000;200;9564058322;S
20240208;103016;195.920000000;20;9564058859;B
20240208;103016;195.920000000;10;9564058881;B
20240208;103026;195.800000000;20;9564060363;S
20240208;103026;195.800000000;10;9564060364;S
20240208;103026;195.800000000;10;9564060365;S
20240208;103026;195.800000000;20;9564060434;S
20240208;103027;195.820000000;10;9564060592;B
20240208;103027;195.820000000;20;9564060593;B
20240208;103029;195.820000000;90;9564060955;B
20240208;103029;195.880000000;360;9564060956;B
20240208;103033;195.820000000;100;9564061420;S
20240208;103034;195.840000000;140;9564061643;B
20240208;103036;195.920000000;1270;9564061980;B
20240208;103036;195.920000000;500;9564061981;B
20240208;103036;195.920000000;50;9564061982;B
20240208;103039;195.960000000;10;9564062303;B
20240208;103039;195.960000000;10;9564062304;B
20240208;103039;195.980000000;30;9564062305;B
20240208;103044;195.920000000;1180;9564063257;S
20240208;103044;195.840000000;770;9564063258;S
20240208;103044;195.820000000;10;9564063259;S
20240208;103044;195.820000000;740;9564063260;S
20240208;103044;195.820000000;100;9564063261;S
20240208;103044;195.820000000;500;9564063262;S
20240208;103044;195.820000000;270;9564063263;S
20240208;103044;195.820000000;260;9564063264;B
20240208;103044;195.820000000;1610;9564063265;B
20240208;103047;195.960000000;20;9564063695;B
20240208;103047;195.820000000;130;9564063712;S
20240208;103052;195.960000000;350;9564064895;B
20240208;103054;196.000000000;20;9564065287;B
20240208;103055;196.000000000;10;9564065406;B
20240208;103101;196.000000000;200;9564066558;B
20240208;103102;196.000000000;380;9564066669;B
20240208;103102;196.000000000;220;9564066683;B
20240208;103102;196.000000000;160;9564066686;B
20240208;103102;196.000000000;100;9564066694;B
20240208;103105;195.920000000;100;9564067210;S
20240208;103106;195.920000000;10;9564067416;S
20240208;103107;195.980000000;10;9564067668;B
20240208;103110;195.920000000;40;9564068351;S
20240208;103110;195.860000000;130;9564068352;S
20240208;103110;195.840000000;20;9564068353;S
20240208;103110;195.840000000;130;9564068354;S
20240208;103113;195.920000000;50;9564069039;S
20240208;103116;195.900000000;380;9564069588;B
20240208;103122;195.920000000;20;9564070767;B
20240208;103125;195.900000000;10;9564071910;S
20240208;103129;195.840000000;300;9564072585;S
20240208;103129;195.840000000;200;9564072638;S
20240208;103129;195.840000000;100;9564072639;S
20240208;103132;195.840000000;10;9564073183;S
20240208;103133;195.860000000;10;9564073357;B
20240208;103136;195.860000000;10;9564073677;B
20240208;103136;195.840000000;20;9564073727;S
20240208;103138;195.840000000;10;9564074156;S
20240208;103142;195.860000000;10;9564075065;B
20240208;103142;195.860000000;130;9564075066;B
20240208;103142;195.860000000;360;9564075067;B
20240208;103143;195.860000000;30;9564075281;B
20240208;103145;195.860000000;90;9564075631;B
20240208;103149;195.840000000;10;9564076435;S
20240208;103150;195.860000000;300;9564076533;B
20240208;103150;195.840000000;210;9564076596;S
20240208;103150;195.820000000;10;9564076597;S
20240208;103150;195.820000000;330;9564076598;S
20240208;103154;195.820000000;20;9564077203;S
20240208;103157;195.840000000;120;9564077979;B
20240208;103158;195.820000000;30;9564078165;S
20240208;103158;195.840000000;10;9564078188;B
20240208;103159;195.840000000;10;9564078256;B
20240208;103159;195.840000000;100;9564078375;B
20240208;103159;195.840000000;30;9564078407;B
20240208;103202;195.820000000;100;9564079003;S
20240208;103203;195.840000000;10;9564079108;B
20240208;103204;195.840000000;10;9564079315;B
20240208;103205;195.820000000;120;9564079525;S
20240208;103207;195.820000000;100;9564080238;S
20240208;103207;195.820000000;150;9564080239;S
20240208;103207;195.840000000;20;9564080301;B
20240208;103208;195.820000000;550;9564081232;S
20240208;103208;195.820000000;100;9564081233;S
20240208;103208;195.820000000;10;9564081234;S
20240208;103208;195.820000000;190;9564081235;S
20240208;103208;195.820000000;50;9564081236;S
20240208;103208;195.820000000;20;9564081237;S
20240208;103208;195.800000000;970;9564081239;S
20240208;103208;195.800000000;10;9564081240;S
20240208;103208;195.800000000;1000;9564081241;S
20240208;103208;195.800000000;200;9564081242;S
20240208;103208;195.800000000;10;9564081243;S
20240208;103208;195.800000000;50;9564081244;S
20240208;103208;195.800000000;50;9564081245;S
20240208;103208;195.800000000;1070;9564081246;S
20240208;103209;195.800000000;1030;9564081424;S
20240208;103209;195.800000000;660;9564081425;S
20240208;103209;195.800000000;70;9564081432;S
20240208;103209;195.800000000;20;9564081502;S
20240208;103209;195.800000000;40;9564081503;S
20240208;103209;195.800000000;20;9564081930;S
20240208;103210;195.800000000;10;9564081956;S
20240208;103210;195.800000000;50;9564082024;S
20240208;103210;195.800000000;20;9564082370;S
20240208;103210;195.800000000;10;9564082392;S
20240208;103211;195.800000000;20;9564082578;S
20240208;103211;195.820000000;100;9564082708;B
20240208;103211;195.800000000;80;9564082709;S
20240208;103212;195.800000000;10;9564083086;S
20240208;103212;195.800000000;10;9564083090;S
20240208;103212;195.800000000;590;9564083091;S
20240208;103212;195.800000000;490;9564083203;S
20240208;103212;195.800000000;20;9564083204;S
20240208;103213;195.800000000;360;9564083281;S
20240208;103213;195.800000000;260;9564083328;S
20240208;103213;195.800000000;180;9564083416;S
20240208;103213;195.800000000;950;9564083417;S
20240208;103213;195.800000000;3070;9564083487;S
20240208;103214;195.800000000;40;9564083579;S
20240208;103214;195.800000000;230;9564083580;S
20240208;103214;195.800000000;220;9564083690;S
20240208;103215;195.820000000;10;9564083814;B
20240208;103215;195.800000000;4170;9564083885;S
20240208;103215;195.800000000;250;9564083886;S
20240208;103215;195.800000000;80;9564083887;S
20240208;103215;195.800000000;130;9564083888;S
20240208;103215;195.760000000;10;9564083889;S
20240208;103215;195.760000000;250;9564083890;S
20240208;103215;195.700000000;20;9564083891;S
20240208;103215;195.700000000;90;9564083893;S
20240208;103215;195.720000000;440;9564083966;B
20240208;103215;195.700000000;40;9564083972;S
20240208;103215;195.700000000;100;9564083973;S
20240208;103215;195.700000000;300;9564083983;S
20240208;103215;195.700000000;40;9564084059;S
20240208;103216;195.700000000;190;9564084068;S
20240208;103216;195.700000000;10;9564084146;S
20240208;103216;195.700000000;120;9564084210;S
20240208;103216;195.700000000;30;9564084240;S
20240208;103216;195.700000000;60;9564084241;S
