<DATE>;<TIME>;<LAST>;<VOL>;<ID>;<OPER>
20240229;095935;197;30;9725502820;S
20240229;095935;197;70;9725502821;S
20240229;095935;197;300;9725502822;S
20240229;095935;197;10;9725502823;S
20240229;095935;197;10;9725502824;S
20240229;095935;197;40;9725502825;S
20240229;095935;197;40;9725502826;S
20240229;095935;197;10;9725502827;S
20240229;095935;197;10;9725502828;S
20240229;095935;197;150;9725502829;S
20240229;095935;197;250;9725502830;S
20240229;095935;197;400;9725502831;S
20240229;095935;197;190;9725502832;B
20240229;095935;197;10;9725502833;S
20240229;095935;197;10;9725502834;S
20240229;095935;197;20;9725502835;S
20240229;095935;197;20;9725502836;S
20240229;095935;197;10;9725502837;S
20240229;095935;197;50;9725502838;S
20240229;095935;197;10;9725502839;S
20240229;095935;197;10;9725502840;S
20240229;095935;197;10;9725502841;S
20240229;095935;197;30;9725502842;S
20240229;095935;197;20;9725502843;S
20240229;095935;197;800;9725502844;S
20240229;095935;197;10;9725502845;S
20240229;095935;197;20;9725502846;S
20240229;095935;197;100;9725502847;S
20240229;095935;197;30;9725502848;S
20240229;095935;197;150;9725502849;S
20240229;095935;197;10;9725502850;S
20240229;095935;197;20;9725502851;S
20240229;095935;197;20;9725502852;B
20240229;095935;197;10;9725502853;S
20240229;095935;197;640;9725502854;S
20240229;095935;197;360;9725502855;S
20240229;095935;197;10;9725502856;S
20240229;095935;197;10;9725502857;S
20240229;095935;197;20;9725502858;S
20240229;095935;197;40;9725502859;S
20240229;095935;197;10;9725502860;S
20240229;095935;197;10;9725502861;S
20240229;095935;197;300;9725502862;S
20240229;095935;197;20;9725502863;S
20240229;095935;197;100;9725502864;S
20240229;095935;197;100;9725502865;S
20240229;095935;197;10;9725502866;S
20240229;095935;197;10;9725502867;S
20240229;100000;197.02;870;9725507716;S
20240229;100000;197.06;150;9725507781;B
20240229;100000;197.02;390;9725507936;S
20240229;100000;197;20;9725507937;S
20240229;100000;197;10;9725507938;S
20240229;100000;197;10;9725507939;S
20240229;100000;197;120;9725507940;S
20240229;100000;197;10;9725507941;S
20240229;100000;197;40;9725507946;B
20240229;100000;197.14;20;9725507974;B
20240229;100000;197.14;450;9725507975;B
20240229;100000;197.16;10;9725507994;B
20240229;100000;197.16;30;9725507995;B
20240229;100000;197.16;30;9725507996;B
20240229;100000;197.1;1260;9725508479;S
20240229;100000;197.08;740;9725508480;S
20240229;100000;197.1;220;9725508504;S
20240229;100000;197.1;10;9725508511;S
20240229;100001;197.1;60;9725508846;S
20240229;100001;197.1;10;9725508948;S
20240229;100001;197.1;10;9725508996;S
20240229;100001;197.1;10;9725509037;S
20240229;100001;197.1;20;9725509042;S
20240229;100001;197.1;900;9725509063;S
20240229;100001;197.08;260;9725509209;S
20240229;100001;197.02;770;9725509210;S
20240229;100001;197.02;40;9725509247;S
20240229;100001;197.02;10;9725509311;S
20240229;100001;197.02;10;9725509398;S
20240229;100002;197.02;430;9725509411;S
20240229;100002;197;20;9725509412;S
20240229;100002;197;10;9725509413;S
20240229;100002;197;540;9725509420;B
20240229;100002;197;540;9725509421;B
20240229;100002;197;250;9725509422;B
20240229;100002;197;210;9725509423;B
20240229;100002;197;300;9725509429;S
20240229;100002;197;70;9725509430;B
20240229;100002;197;630;9725509431;B
20240229;100002;197;630;9725509444;S
20240229;100002;196.98;20;9725509445;S
20240229;100002;196.96;30;9725509446;S
20240229;100002;196.96;10;9725509447;S
20240229;100002;196.96;10;9725509448;S
20240229;100002;196.96;10;9725509449;S
20240229;100002;196.94;90;9725509454;S
20240229;100002;196.96;90;9725509458;B
20240229;100002;196.96;200;9725509459;B
20240229;100002;196.96;210;9725509460;B
20240229;100002;196.94;1100;9725509465;S
20240229;100002;196.94;70;9725509466;S
20240229;100002;196.92;30;9725509467;S
20240229;100002;196.92;10;9725509468;S
20240229;100002;196.92;50;9725509469;S
20240229;100002;196.9;20;9725509479;S
20240229;100002;196.9;520;9725509480;S
20240229;100002;196.9;10;9725509481;S
20240229;100002;196.9;120;9725509482;S
20240229;100002;196.92;90;9725509483;B
20240229;100002;196.92;80;9725509484;B
20240229;100002;196.9;740;9725509519;S
20240229;100002;196.92;670;9725509553;B
20240229;100002;196.94;70;9725509554;B
20240229;100002;196.96;760;9725509555;B
20240229;100002;196.9;400;9725509556;S
20240229;100002;196.88;30;9725509557;S
20240229;100002;196.88;10;9725509558;S
20240229;100002;196.88;560;9725509559;S
20240229;100002;196.9;1000;9725509562;S
20240229;100002;196.9;260;9725509572;S
20240229;100002;196.88;440;9725509573;S
20240229;100002;196.88;300;9725509574;S
20240229;100002;196.9;1000;9725509575;S
20240229;100002;196.9;10;9725509582;S
20240229;100002;196.9;250;9725509595;S
20240229;100002;196.88;200;9725509596;S
20240229;100002;196.88;80;9725509598;B
20240229;100002;196.88;70;9725509599;B
20240229;100002;196.86;20;9725509603;S
20240229;100002;196.86;10;9725509604;S
20240229;100002;196.86;60;9725509605;S
20240229;100002;196.86;500;9725509606;S
20240229;100002;196.88;200;9725509645;B
20240229;100002;196.88;20;9725509648;B
20240229;100002;196.88;10;9725509649;B
20240229;100002;196.86;60;9725509658;S
20240229;100002;196.88;10;9725509743;B
20240229;100002;196.88;10;9725509744;B
20240229;100002;196.86;630;9725509761;S
20240229;100002;196.84;30;9725509762;S
20240229;100002;196.84;10;9725509763;S
20240229;100002;196.82;10;9725509764;S
20240229;100002;196.82;10;9725509765;S
20240229;100002;196.82;510;9725509766;S
20240229;100002;196.8;10;9725509767;S
20240229;100002;196.8;150;9725509768;S
20240229;100002;196.8;30;9725509769;S
20240229;100002;196.8;50;9725509770;S
20240229;100002;196.8;10;9725509771;S
20240229;100002;196.8;1550;9725509772;S
20240229;100002;196.82;60;9725509806;S
20240229;100002;196.82;40;9725509810;S
20240229;100002;196.82;410;9725509823;S
20240229;100002;196.8;8450;9725509824;S
20240229;100002;196.8;300;9725509825;S
20240229;100002;196.8;30;9725509826;S
20240229;100002;196.8;810;9725509827;S
20240229;100002;196.76;30;9725509894;S
20240229;100002;196.76;10;9725509895;S
20240229;100002;196.74;20;9725509896;S
20240229;100003;196.74;30;9725509954;S
20240229;100003;196.74;510;9725509955;S
20240229;100003;196.74;30;9725509956;S
20240229;100003;196.72;30;9725509957;S
20240229;100003;196.72;400;9725509958;S
20240229;100003;196.74;50;9725509976;S
20240229;100003;196.72;1990;9725510111;S
20240229;100003;196.78;400;9725510115;B
20240229;100003;196.78;1130;9725510121;B
20240229;100003;196.78;2500;9725510122;B
20240229;100003;196.8;370;9725510123;B
20240229;100003;196.74;10;9725510124;S
20240229;100003;196.8;240;9725510128;B
20240229;100003;196.74;500;9725510130;S
20240229;100003;196.72;2610;9725510131;S
20240229;100003;196.72;10;9725510132;S
20240229;100003;196.72;10;9725510133;S
20240229;100003;196.72;1270;9725510134;S
20240229;100003;196.72;80;9725510135;S
20240229;100003;196.7;100;9725510136;S
20240229;100003;196.7;420;9725510137;S
20240229;100003;196.78;280;9725510138;B
20240229;100003;196.78;240;9725510139;B
20240229;100003;196.76;440;9725510154;B
20240229;100003;196.72;240;9725510156;S
20240229;100003;196.7;260;9725510157;S
20240229;100003;196.76;30;9725510158;B
20240229;100003;196.78;50;9725510164;B
20240229;100004;196.76;50;9725510347;B
20240229;100004;196.7;50;9725510360;S
20240229;100004;196.76;50;9725510413;B
20240229;100004;196.7;300;9725510449;S
20240229;100005;196.76;10;9725511785;B
20240229;100006;196.72;10;9725511901;S
20240229;100006;196.72;50;9725511902;S
20240229;100006;196.72;10;9725512504;S
20240229;100006;196.7;110;9725512505;S
20240229;100007;196.74;10;9725514120;B
20240229;100008;196.7;10;9725514599;S
20240229;100008;196.72;110;9725514726;B
20240229;100008;196.72;90;9725514727;B
20240229;100009;196.72;10;9725514764;B
20240229;100009;196.72;10;9725514765;B
20240229;100009;196.72;10;9725514954;B
20240229;100009;196.7;500;9725515134;S
20240229;100010;196.72;20;9725515457;B
20240229;100010;196.72;80;9725515495;S
20240229;100011;196.72;80;9725515893;B
20240229;100011;196.76;220;9725515894;B
20240229;100012;196.74;250;9725515934;B
20240229;100012;196.78;350;9725515935;B
20240229;100012;196.78;40;9725515936;B
20240229;100012;196.8;10;9725516016;B
20240229;100012;196.78;10;9725516148;B
20240229;100012;196.8;10;9725516185;B
20240229;100012;196.8;50;9725516282;B
20240229;100012;196.8;140;9725516292;B
20240229;100012;196.8;60;9725516293;B
20240229;100013;196.84;10;9725516329;B
20240229;100013;196.86;150;9725516330;B
20240229;100013;196.86;250;9725516409;B
20240229;100013;196.86;290;9725516530;B
20240229;100015;196.78;500;9725516975;B
20240229;100015;196.78;100;9725517036;B
20240229;100015;196.78;50;9725517063;B
20240229;100015;196.88;150;9725517064;B
20240229;100015;196.94;30;9725517065;B
20240229;100015;196.74;580;9725517066;S
20240229;100015;196.72;420;9725517067;S
20240229;100015;196.7;1000;9725517068;S
20240229;100015;196.74;180;9725517074;B
20240229;100015;196.7;1000;9725517075;S
20240229;100015;196.72;360;9725517076;S
20240229;100015;196.7;640;9725517077;S
20240229;100015;196.74;120;9725517078;B
20240229;100015;196.74;4880;9725517079;B
20240229;100015;196.72;920;9725517085;S
20240229;100015;196.7;80;9725517086;S
20240229;100015;196.92;100;9725517121;B
20240229;100015;196.72;90;9725517124;S
20240229;100015;196.9;180;9725517141;B
20240229;100015;196.92;100;9725517148;B
20240229;100015;196.92;180;9725517166;B
20240229;100016;196.84;10;9725517181;B
20240229;100016;196.92;100;9725517183;B
20240229;100016;196.9;80;9725517222;B
20240229;100016;196.92;20;9725517223;B
20240229;100016;196.72;410;9725517242;S
20240229;100016;196.7;90;9725517243;S
20240229;100016;196.9;30;9725517301;B
20240229;100016;196.92;20;9725517302;B
20240229;100016;196.92;50;9725517303;B
20240229;100016;196.92;100;9725517305;B
20240229;100016;196.72;10;9725517324;S
20240229;100016;196.92;180;9725517352;B
20240229;100016;196.94;50;9725517354;B
20240229;100017;196.74;400;9725517538;S
20240229;100017;196.72;160;9725517539;S
20240229;100017;196.72;440;9725517540;B
20240229;100017;196.92;20;9725517551;B
20240229;100017;196.92;30;9725517552;B
20240229;100017;196.74;250;9725517568;S
20240229;100017;196.72;750;9725517574;B
20240229;100017;196.9;50;9725517576;B
20240229;100017;196.92;10;9725517577;B
20240229;100017;196.92;90;9725517578;B
20240229;100018;196.72;50;9725517929;S
20240229;100018;196.7;350;9725517930;S
20240229;100020;196.7;10;9725518372;S
20240229;100020;196.86;50;9725518479;B
20240229;100020;196.86;60;9725518514;B
20240229;100020;196.92;290;9725518515;B
20240229;100020;196.9;100;9725518531;B
20240229;100021;196.8;500;9725518611;S
20240229;100023;196.78;20;9725519070;B
20240229;100027;196.7;100;9725520143;S
20240229;100031;196.78;50;9725521319;B
20240229;100031;196.78;10;9725521355;B
20240229;100031;196.7;10;9725521358;S
20240229;100033;196.74;200;9725521825;B
20240229;100033;196.78;20;9725521826;B
20240229;100033;196.8;30;9725521827;S
20240229;100033;196.72;250;9725521828;S
20240229;100033;196.7;750;9725521829;S
20240229;100033;196.7;800;9725521830;S
20240229;100033;196.7;200;9725521831;S
20240229;100034;196.7;1000;9725521832;S
20240229;100034;196.7;2320;9725521835;S
20240229;100034;196.7;500;9725521836;S
20240229;100034;196.7;10;9725521837;S
20240229;100034;196.68;30;9725521838;S
20240229;100034;196.68;10;9725521839;S
20240229;100034;196.68;450;9725521840;S
20240229;100034;196.68;50;9725521861;S
20240229;100034;196.66;30;9725521862;S
20240229;100034;196.66;50;9725521863;S
20240229;100034;196.64;280;9725521864;S
20240229;100034;196.64;30;9725521865;S
20240229;100034;196.64;10;9725521866;S
20240229;100034;196.62;40;9725521867;S
20240229;100034;196.6;10;9725521868;S
20240229;100034;196.6;20;9725521869;S
20240229;100034;196.6;10;9725521870;S
20240229;100034;196.56;30;9725521871;S
20240229;100034;196.56;10;9725521872;S
20240229;100034;196.56;10;9725521873;S
20240229;100034;196.56;40;9725521874;S
20240229;100034;196.56;50;9725521875;S
20240229;100034;196.56;40;9725521876;S
20240229;100034;196.52;290;9725521877;S
20240229;100034;196.7;30;9725521899;S
20240229;100034;196.66;200;9725521948;B
20240229;100034;196.66;30;9725521949;B
20240229;100034;196.54;10;9725521990;S
20240229;100034;196.52;10;9725522026;S
20240229;100035;196.54;10;9725522172;S
20240229;100035;196.52;50;9725522222;S
20240229;100035;196.52;550;9725522239;S
20240229;100035;196.52;20;9725522240;S
20240229;100035;196.52;30;9725522241;S
20240229;100035;196.52;1800;9725522242;S
20240229;100035;196.54;100;9725522297;S
20240229;100036;196.52;100;9725522367;S
20240229;100036;196.52;100;9725522413;S
20240229;100036;196.52;10;9725522414;S
20240229;100036;196.52;290;9725522415;S
20240229;100036;196.54;50;9725522485;B
20240229;100037;196.52;40;9725522570;S
20240229;100040;196.54;10;9725523188;B
20240229;100041;196.54;40;9725523319;B
20240229;100041;196.62;20;9725523412;B
20240229;100047;196.62;100;9725524838;B
20240229;100047;196.66;150;9725524839;B
20240229;100047;196.66;140;9725524840;B
20240229;100047;196.68;120;9725524841;B
20240229;100047;196.68;500;9725524860;B
20240229;100048;196.68;350;9725525071;B
20240229;100048;196.8;400;9725525094;B
20240229;100048;196.88;20;9725525095;B
20240229;100048;196.9;1840;9725525096;B
20240229;100048;196.92;10;9725525097;B
20240229;100048;196.92;730;9725525098;B
20240229;100049;196.94;220;9725525303;B
20240229;100049;196.94;10;9725525304;B
20240229;100049;196.94;20;9725525305;S
20240229;100052;196.76;40;9725525926;S
20240229;100052;196.76;60;9725525927;S
20240229;100053;196.92;10;9725526071;B
20240229;100054;196.92;10;9725526203;B
20240229;100059;196.74;20;9725527334;S
20240229;100100;196.88;10;9725527608;B
20240229;100102;196.88;80;9725527882;B
20240229;100102;196.9;100;9725527883;B
20240229;100102;196.9;30;9725527884;B
20240229;100102;196.92;440;9725527885;B
20240229;100102;196.9;210;9725527940;B
20240229;100102;196.92;440;9725527941;B
20240229;100102;196.92;20;9725527971;B
20240229;100103;196.92;10;9725528062;B
20240229;100106;196.84;30;9725528823;S
20240229;100108;196.82;40;9725529295;S
20240229;100115;196.84;30;9725530541;B
20240229;100115;196.9;70;9725530542;B
20240229;100117;196.82;10;9725530819;B
20240229;100119;196.76;10;9725531087;S
20240229;100119;196.74;220;9725531088;S
20240229;100120;196.84;2000;9725531249;B
20240229;100123;196.84;460;9725531926;B
20240229;100123;196.84;40;9725531927;B
20240229;100132;196.84;40;9725533705;B
20240229;100136;196.84;10;9725534307;B
20240229;100138;196.82;220;9725534707;S
20240229;100138;196.82;60;9725534768;S
20240229;100138;196.82;80;9725534809;S
20240229;100139;196.82;60;9725534979;S
20240229;100142;196.82;30;9725535502;S
20240229;100142;196.82;60;9725535638;S
20240229;100146;196.84;10;9725536339;B
20240229;100146;196.84;20;9725536340;B
20240229;100148;196.82;150;9725536779;S
20240229;100150;196.84;10;9725537114;B
20240229;100150;196.84;40;9725537115;B
20240229;100150;196.9;180;9725537116;B
20240229;100150;196.9;20;9725537117;B
20240229;100157;196.84;30;9725538425;S
20240229;100157;196.84;40;9725538426;S
20240229;100205;196.88;10;9725540000;B
20240229;100205;196.9;30;9725540001;B
20240229;100209;196.84;10;9725540899;S
20240229;100209;196.84;10;9725540900;S
20240229;100209;196.84;10;9725540901;S
20240229;100209;196.82;210;9725540902;S
20240229;100210;196.82;40;9725541135;S
20240229;100215;196.82;80;9725541919;S
20240229;100217;196.82;10;9725542443;S
20240229;100217;196.82;10;9725542444;S
20240229;100217;196.82;30;9725542445;S
20240229;100222;196.82;70;9725543389;S
20240229;100222;196.8;50;9725543390;S
20240229;100222;196.78;120;9725543391;S
20240229;100222;196.78;60;9725543392;S
20240229;100223;196.88;20;9725543581;B
20240229;100224;196.78;120;9725543653;S
20240229;100226;196.76;30;9725544072;S
20240229;100226;196.76;10;9725544073;S
20240229;100226;196.76;200;9725544074;S
20240229;100226;196.74;30;9725544265;S
20240229;100228;196.74;20;9725544653;S
20240229;100229;196.74;20;9725544743;S
20240229;100229;196.74;20;9725544788;S
20240229;100229;196.74;170;9725544920;S
20240229;100229;196.74;30;9725544921;S
20240229;100230;196.8;30;9725544979;S
20240229;100232;196.8;150;9725545610;S
20240229;100234;196.8;90;9725545957;S
20240229;100235;196.8;30;9725546199;S
20240229;100235;196.74;10;9725546200;S
20240229;100235;196.74;30;9725546437;S
20240229;100237;196.74;230;9725546796;S
20240229;100237;196.74;130;9725546797;S
20240229;100237;196.72;20;9725546798;S
20240229;100237;196.72;570;9725546799;S
20240229;100241;196.82;10;9725547542;S
20240229;100243;196.8;800;9725547919;S
20240229;100243;196.74;60;9725547920;S
20240229;100244;196.7;500;9725548298;S
20240229;100244;196.7;670;9725548319;S
20240229;100244;196.7;10;9725548366;S
20240229;100247;196.7;30;9725548792;S
20240229;100249;196.7;30;9725549326;S
20240229;100249;196.7;30;9725549372;S
20240229;100249;196.7;140;9725549419;S
20240229;100252;196.74;150;9725550063;B
20240229;100254;196.74;1000;9725550414;B
20240229;100256;196.74;10;9725550903;B
20240229;100256;196.7;20;9725551137;S
20240229;100258;196.7;30;9725551450;S
20240229;100258;196.74;100;9725551487;B
20240229;100300;196.74;50;9725551969;B
20240229;100302;196.7;30;9725552269;S
20240229;100302;196.7;160;9725552270;S
20240229;100302;196.7;100;9725552271;S
20240229;100302;196.7;10;9725552272;S
20240229;100302;196.7;10;9725552273;S
20240229;100302;196.68;30;9725552274;S
20240229;100302;196.66;690;9725552275;S
20240229;100302;196.66;380;9725552276;S
20240229;100302;196.66;30;9725552277;S
20240229;100302;196.64;590;9725552278;S
20240229;100302;196.64;1000;9725552279;S
20240229;100305;196.64;60;9725553031;S
20240229;100305;196.64;500;9725553072;S
20240229;100306;196.72;10;9725553280;B
20240229;100307;196.64;30;9725553459;S
20240229;100308;196.66;10;9725553747;S
20240229;100308;196.66;20;9725553748;S
20240229;100308;196.64;970;9725553749;S
20240229;100308;196.64;400;9725553750;S
20240229;100309;196.64;30;9725553931;S
20240229;100318;196.64;70;9725555939;S
20240229;100319;196.68;40;9725556148;B
20240229;100321;196.72;70;9725556563;B
20240229;100321;196.72;130;9725556564;B
20240229;100322;196.66;10;9725556708;S
20240229;100325;196.64;10;9725557536;S
20240229;100327;196.64;10;9725558118;S
20240229;100333;196.64;20;9725559096;S
20240229;100334;196.64;110;9725559344;S
20240229;100336;196.64;830;9725559597;S
20240229;100336;196.64;2300;9725559598;S
20240229;100336;196.64;10;9725559599;S
20240229;100336;196.64;70;9725559600;S
20240229;100336;196.62;10;9725559601;S
20240229;100336;196.62;50;9725559602;S
20240229;100336;196.6;50;9725559603;S
20240229;100336;196.6;300;9725559604;S
20240229;100336;196.6;100;9725559605;S
20240229;100336;196.6;1000;9725559606;S
20240229;100336;196.58;20;9725559615;S
20240229;100337;196.6;10;9725559792;B
20240229;100337;196.56;120;9725559842;S
20240229;100347;196.56;30;9725561303;S
20240229;100347;196.56;50;9725561304;S
20240229;100347;196.56;150;9725561305;S
20240229;100347;196.56;50;9725561306;S
20240229;100347;196.56;10;9725561307;S
20240229;100347;196.56;10;9725561308;S
20240229;100347;196.56;150;9725561309;S
20240229;100347;196.56;3170;9725561310;S
20240229;100347;196.54;960;9725561311;S
20240229;100347;196.54;10;9725561312;S
20240229;100347;196.54;50;9725561313;S
20240229;100347;196.54;30;9725561314;S
20240229;100347;196.54;40;9725561315;S
20240229;100348;196.52;250;9725561590;S
20240229;100349;196.52;50;9725561615;S
20240229;100349;196.52;600;9725561660;S
20240229;100351;196.56;40;9725562219;B
20240229;100352;196.52;60;9725562384;S
20240229;100354;196.52;10;9725562709;S
20240229;100400;196.56;80;9725563816;B
20240229;100401;196.56;10;9725563863;B
20240229;100407;196.52;100;9725565340;S
20240229;100408;196.56;80;9725565598;B
20240229;100409;196.56;80;9725565737;B
20240229;100409;196.56;120;9725565738;B
20240229;100410;196.58;500;9725566284;B
20240229;100410;196.58;30;9725566285;B
20240229;100410;196.6;120;9725566286;B
20240229;100410;196.6;100;9725566287;B
20240229;100412;196.56;30;9725566708;S
20240229;100415;196.62;20;9725567492;B
20240229;100415;196.62;130;9725567493;B
20240229;100418;196.64;10;9725568069;B
20240229;100419;196.58;200;9725568259;S
20240229;100421;196.54;1040;9725568714;S
20240229;100421;196.56;170;9725568738;B
20240229;100421;196.56;80;9725568739;B
20240229;100425;196.64;10;9725569613;B
20240229;100427;196.56;20;9725570251;S
20240229;100427;196.56;120;9725570252;S
20240229;100427;196.56;20;9725570253;S
20240229;100427;196.54;1530;9725570254;S
20240229;100427;196.54;310;9725570255;S
20240229;100428;196.54;500;9725570380;S
20240229;100428;196.62;110;9725570429;B
20240229;100430;196.62;10;9725570784;B
20240229;100430;196.62;20;9725570836;B
20240229;100435;196.62;50;9725571694;B
20240229;100438;196.62;1400;9725572462;B
20240229;100438;196.64;180;9725572463;B
20240229;100438;196.64;120;9725572464;B
20240229;100438;196.64;160;9725572465;B
20240229;100438;196.64;30;9725572466;B
20240229;100438;196.64;110;9725572467;B
20240229;100440;196.64;50;9725573345;B
20240229;100441;196.64;910;9725573641;B
20240229;100445;196.68;10;9725574520;B
20240229;100448;196.64;50;9725575333;S
20240229;100448;196.64;220;9725575334;S
20240229;100451;196.7;10;9725575935;B
20240229;100451;196.7;190;9725575936;B
20240229;100451;196.64;410;9725575968;S
20240229;100452;196.7;50;9725576119;B
20240229;100459;196.66;50;9725577550;S
20240229;100459;196.64;250;9725577551;S
20240229;100505;196.68;10;9725578905;B
20240229;100505;196.64;50;9725578929;S
20240229;100505;196.64;30;9725578930;S
20240229;100505;196.62;150;9725578931;S
20240229;100505;196.62;30;9725578932;S
20240229;100505;196.62;10;9725578933;S
20240229;100505;196.62;30;9725578934;S
20240229;100505;196.58;10;9725578935;S
20240229;100505;196.58;30;9725578936;S
20240229;100505;196.58;120;9725578937;S
20240229;100506;196.62;140;9725579119;B
20240229;100506;196.64;150;9725579120;B
20240229;100506;196.64;210;9725579121;B
20240229;100511;196.66;10;9725580094;B
20240229;100518;196.64;30;9725581197;S
20240229;100518;196.64;20;9725581262;S
20240229;100520;196.62;50;9725581588;S
20240229;100520;196.64;10;9725581601;B
20240229;100521;196.62;90;9725581977;B
20240229;100521;196.6;130;9725581978;S
20240229;100521;196.6;350;9725581979;S
20240229;100521;196.6;20;9725581980;S
20240229;100522;196.58;20;9725582134;S
20240229;100523;196.6;40;9725582320;B
20240229;100523;196.6;10;9725582321;B
20240229;100524;196.56;20;9725582610;S
20240229;100524;196.56;10;9725582611;S
20240229;100524;196.54;30;9725582612;S
20240229;100525;196.56;100;9725582686;B
20240229;100525;196.58;10;9725582746;B
20240229;100530;196.64;10;9725583504;B
20240229;100530;196.64;90;9725583505;B
20240229;100531;196.6;40;9725583647;S
20240229;100541;196.7;750;9725585485;B
20240229;100541;196.72;250;9725585486;B
20240229;100542;196.66;370;9725585834;S
20240229;100544;196.68;190;9725586198;S
20240229;100547;196.72;250;9725586790;B
20240229;100556;196.74;20;9725588539;B
20240229;100559;196.66;10;9725589039;S
20240229;100601;196.74;40;9725589338;B
20240229;100601;196.74;140;9725589339;B
20240229;100601;196.74;10;9725589340;B
20240229;100602;196.76;30;9725589454;B
20240229;100609;196.74;10;9725590795;S
20240229;100611;196.74;10;9725591071;S
20240229;100612;196.76;50;9725591249;B
20240229;100612;196.76;60;9725591314;B
20240229;100615;196.76;10;9725591995;B
20240229;100615;196.76;1000;9725592259;B
20240229;100616;196.74;10;9725592305;S
20240229;100616;196.74;10;9725592306;S
20240229;100616;196.72;110;9725592307;S
20240229;100616;196.7;600;9725592308;S
20240229;100616;196.68;100;9725592309;S
20240229;100616;196.66;50;9725592310;S
20240229;100616;196.66;120;9725592311;S
20240229;100616;196.74;100;9725592390;B
20240229;100616;196.76;150;9725592391;B
20240229;100616;196.76;50;9725592392;B
20240229;100617;196.74;10;9725592649;B
20240229;100618;196.66;40;9725593320;S
20240229;100619;196.66;50;9725593614;S
20240229;100629;196.66;10;9725595744;S
20240229;100632;196.66;30;9725596060;S
20240229;100633;196.66;430;9725596164;S
20240229;100633;196.66;970;9725596165;S
20240229;100633;196.66;1000;9725596166;S
20240229;100633;196.66;370;9725596167;S
20240229;100635;196.62;100;9725596691;S
20240229;100635;196.6;20;9725596692;S
20240229;100638;196.66;10;9725597069;S
20240229;100640;196.66;30;9725597507;B
20240229;100641;196.6;60;9725597844;S
20240229;100645;196.62;20;9725598394;B
20240229;100645;196.66;20;9725598554;B
20240229;100646;196.6;50;9725598668;S
20240229;100648;196.6;210;9725598978;S
20240229;100700;196.66;80;9725600575;B
20240229;100700;196.66;20;9725600576;B
20240229;100700;196.68;100;9725600577;B
20240229;100719;196.68;10;9725602885;S
20240229;100725;196.7;50;9725603717;B
20240229;100731;196.68;100;9725604648;B
20240229;100731;196.7;50;9725604649;B
20240229;100734;196.66;10;9725605137;S
20240229;100734;196.64;250;9725605138;S
20240229;100739;196.62;10;9725606040;S
20240229;100739;196.62;90;9725606041;S
20240229;100739;196.6;20;9725606042;S
20240229;100739;196.6;30;9725606043;S
20240229;100739;196.6;50;9725606044;S
20240229;100739;196.6;50;9725606045;S
20240229;100740;196.6;200;9725606103;S
20240229;100740;196.6;10;9725606104;S
20240229;100740;196.6;60;9725606105;S
20240229;100740;196.6;10;9725606106;S
20240229;100740;196.6;10;9725606107;S
20240229;100740;196.6;10;9725606108;S
20240229;100740;196.6;200;9725606109;S
20240229;100747;196.66;10;9725607173;B
20240229;100752;196.66;10;9725607826;B
20240229;100759;196.66;30;9725609004;B
20240229;100804;196.68;30;9725609857;B
20240229;100804;196.66;10;9725609884;S
20240229;100812;196.66;10;9725611084;S
20240229;100815;196.68;50;9725611598;B
20240229;100820;196.66;90;9725612479;S
20240229;100820;196.66;110;9725612480;S
20240229;100827;196.66;50;9725613668;S
20240229;100832;196.68;10;9725614356;B
20240229;100832;196.68;50;9725614357;B
20240229;100832;196.66;60;9725614431;S
20240229;100833;196.68;950;9725614641;B
20240229;100837;196.68;50;9725615216;S
20240229;100837;196.68;10;9725615217;S
20240229;100841;196.7;10;9725615892;B
20240229;100841;196.7;20;9725615904;B
20240229;100846;196.7;300;9725616530;B
20240229;100846;196.7;70;9725616559;B
20240229;100846;196.72;90;9725616560;B
20240229;100846;196.74;30;9725616561;B
20240229;100846;196.74;110;9725616562;B
20240229;100849;196.74;10;9725617162;S
20240229;100852;196.8;10;9725617411;B
20240229;100854;196.8;870;9725617669;B
20240229;100854;196.8;130;9725617670;B
20240229;100854;196.74;10;9725617729;S
20240229;100900;196.8;1070;9725618488;B
20240229;100900;196.82;50;9725618489;B
20240229;100900;196.88;190;9725618498;B
20240229;100900;196.88;320;9725618595;B
20240229;100900;196.9;90;9725618596;B
20240229;100900;196.92;640;9725618597;B
20240229;100901;196.94;20;9725618756;B
20240229;100901;196.96;50;9725618757;B
20240229;100901;196.96;50;9725618758;B
20240229;100901;196.96;250;9725618759;B
20240229;100901;196.96;130;9725618760;B
20240229;100901;196.92;300;9725618761;S
20240229;100901;196.9;90;9725618762;S
20240229;100903;196.9;10;9725619059;B
20240229;100905;196.88;10;9725619388;S
20240229;100911;196.9;500;9725620206;B
20240229;100914;196.84;300;9725620619;S
20240229;100914;196.82;90;9725620620;S
20240229;100914;196.8;450;9725620621;S
20240229;100914;196.76;160;9725620622;S
20240229;100914;196.86;90;9725620675;B
20240229;100914;196.88;10;9725620676;B
20240229;100924;196.9;50;9725622184;B
20240229;100926;196.88;10;9725622482;B
20240229;100927;196.78;10;9725622557;S
20240229;100931;196.84;10;9725623093;B
20240229;100931;196.86;10;9725623094;B
20240229;100939;196.84;30;9725624715;B
20240229;100942;196.84;10;9725625025;B
20240229;100944;196.74;10;9725625262;S
20240229;100948;196.84;80;9725625984;S
20240229;101002;196.86;10;9725628023;B
20240229;101010;196.78;200;9725629175;B
20240229;101012;196.78;100;9725629589;B
20240229;101015;196.74;10;9725630098;S
20240229;101019;196.8;10;9725630736;B
20240229;101020;196.74;30;9725630851;S
20240229;101020;196.74;30;9725630852;S
20240229;101020;196.74;90;9725630853;S
20240229;101023;196.74;30;9725631244;S
20240229;101028;196.76;180;9725631936;S
20240229;101030;196.76;200;9725632187;S
20240229;101030;196.76;30;9725632198;S
20240229;101036;196.8;850;9725633036;B
20240229;101043;196.8;140;9725634148;B
20240229;101043;196.9;50;9725634149;B
20240229;101043;196.9;60;9725634150;B
20240229;101056;196.94;30;9725636052;B
20240229;101109;196.82;50;9725637939;S
20240229;101110;196.9;10;9725638151;S
20240229;101117;196.84;10;9725639264;S
20240229;101119;196.84;50;9725639584;S
20240229;101119;196.82;10;9725639585;S
20240229;101119;196.82;250;9725639586;S
20240229;101119;196.8;50;9725639587;S
20240229;101119;196.8;140;9725639588;S
20240229;101120;196.86;60;9725639751;B
20240229;101124;196.82;100;9725640407;S
20240229;101124;196.8;80;9725640408;S
20240229;101124;196.8;500;9725640409;S
20240229;101124;196.8;1270;9725640410;S
20240229;101125;196.8;500;9725640518;B
20240229;101126;196.8;10;9725640780;B
20240229;101127;196.8;20;9725640883;B
20240229;101127;196.8;300;9725640892;B
20240229;101132;196.78;50;9725641467;S
20240229;101133;196.8;30;9725641564;B
20240229;101136;196.8;10;9725641947;B
20240229;101137;196.78;320;9725642092;S
20240229;101144;196.8;180;9725642954;B
20240229;101154;196.88;20;9725644236;B
20240229;101156;196.9;10;9725644513;B
20240229;101206;196.8;120;9725646049;S
20240229;101206;196.8;1000;9725646050;S
20240229;101206;196.8;1260;9725646051;S
20240229;101206;196.78;10;9725646052;S
20240229;101206;196.78;100;9725646053;S
20240229;101206;196.78;10;9725646054;S
20240229;101209;196.86;70;9725646520;B
20240229;101209;196.88;20;9725646521;B
20240229;101217;196.8;10;9725647775;B
20240229;101218;196.8;1990;9725647844;B
20240229;101219;196.82;30;9725648000;S
20240229;101219;196.8;60;9725648051;S
20240229;101219;196.8;20;9725648090;S
20240229;101222;196.86;10;9725648458;B
20240229;101226;196.8;20;9725648988;S
20240229;101228;196.8;910;9725649407;S
20240229;101228;196.8;120;9725649408;S
20240229;101228;196.78;20;9725649440;S
20240229;101228;196.78;10;9725649441;S
20240229;101228;196.78;50;9725649560;S
20240229;101230;196.78;30;9725649716;S
20240229;101230;196.82;30;9725649886;S
20240229;101230;196.82;90;9725649919;S
20240229;101233;196.82;80;9725650339;S
20240229;101237;196.8;30;9725650819;S
20240229;101239;196.8;30;9725651066;S
20240229;101239;196.8;40;9725651110;S
20240229;101239;196.78;10;9725651111;S
20240229;101239;196.76;90;9725651112;S
20240229;101239;196.76;20;9725651113;S
20240229;101239;196.76;10;9725651114;S
20240229;101239;196.76;70;9725651115;S
20240229;101239;196.74;120;9725651282;S
20240229;101240;196.74;30;9725651442;S
20240229;101240;196.74;30;9725651543;S
20240229;101242;196.74;10;9725651942;S
20240229;101242;196.72;30;9725651951;S
20240229;101242;196.72;30;9725651952;S
20240229;101245;196.72;20;9725652456;S
20240229;101256;196.76;30;9725654084;B
20240229;101304;196.78;150;9725655029;B
20240229;101304;196.78;70;9725655030;B
20240229;101304;196.8;80;9725655031;B
20240229;101304;196.82;20;9725655032;B
20240229;101304;196.82;170;9725655033;B
20240229;101308;196.84;80;9725655589;B
20240229;101308;196.84;20;9725655590;B
20240229;101308;196.72;190;9725655594;S
20240229;101321;196.74;20;9725657225;S
20240229;101321;196.72;10;9725657226;S
20240229;101322;196.72;10;9725657322;S
20240229;101322;196.72;30;9725657323;S
20240229;101322;196.72;10;9725657324;S
20240229;101325;196.78;20;9725657591;B
20240229;101327;196.7;30;9725657823;S
20240229;101328;196.78;10;9725657872;B
20240229;101328;196.78;40;9725657873;B
20240229;101328;196.7;250;9725657955;S
20240229;101328;196.7;1000;9725657956;S
20240229;101328;196.7;20;9725657957;S
20240229;101328;196.7;100;9725657958;S
20240229;101328;196.7;10;9725657959;S
20240229;101328;196.7;20;9725657960;S
20240229;101328;196.7;100;9725657961;S
20240229;101328;196.7;100;9725657962;S
20240229;101328;196.7;80;9725657963;S
20240229;101328;196.7;20;9725657964;S
20240229;101328;196.68;30;9725657965;S
20240229;101328;196.68;20;9725657966;S
20240229;101328;196.66;590;9725657967;S
20240229;101328;196.66;160;9725657968;S
20240229;101334;196.76;10;9725658643;B
20240229;101334;196.72;20;9725658688;S
20240229;101334;196.68;80;9725658689;S
20240229;101334;196.68;30;9725658690;S
20240229;101334;196.68;20;9725658691;S
20240229;101334;196.66;20;9725658726;S
20240229;101334;196.74;100;9725658748;B
20240229;101334;196.74;500;9725658749;B
20240229;101334;196.66;20;9725658765;S
20240229;101334;196.66;60;9725658796;S
20240229;101334;196.66;40;9725658797;S
20240229;101335;196.66;20;9725658854;S
20240229;101335;196.66;40;9725658855;S
20240229;101335;196.64;110;9725658941;S
20240229;101353;196.64;140;9725661385;S
20240229;101353;196.64;20;9725661386;S
20240229;101354;196.64;10;9725661525;B
20240229;101402;196.62;90;9725662566;S
20240229;101402;196.62;10;9725662567;S
20240229;101407;196.62;10;9725663195;S
20240229;101407;196.62;20;9725663196;S
20240229;101407;196.6;50;9725663197;S
20240229;101407;196.6;10;9725663198;S
20240229;101408;196.6;20;9725663326;S
20240229;101408;196.6;10;9725663327;S
20240229;101408;196.6;10;9725663452;S
20240229;101414;196.64;10;9725663942;B
20240229;101416;196.64;500;9725664207;B
20240229;101416;196.64;10;9725664216;B
20240229;101417;196.6;140;9725664309;S
20240229;101418;196.62;20;9725664483;S
20240229;101418;196.62;20;9725664484;S
20240229;101423;196.6;120;9725664915;S
20240229;101430;196.64;10;9725665860;B
20240229;101436;196.62;20;9725666428;S
20240229;101436;196.62;10;9725666429;S
20240229;101438;196.6;100;9725666734;S
20240229;101438;196.6;30;9725666776;S
20240229;101443;196.64;30;9725667507;B
20240229;101444;196.64;770;9725667595;B
20240229;101444;196.64;20;9725667596;B
20240229;101445;196.64;210;9725667694;S
20240229;101445;196.64;90;9725667695;S
20240229;101448;196.62;10;9725667980;S
20240229;101450;196.66;10;9725668221;B
20240229;101452;196.62;10;9725668380;S
20240229;101453;196.64;10;9725668462;B
20240229;101456;196.68;40;9725668761;B
20240229;101456;196.68;10;9725668762;B
20240229;101502;196.62;20;9725669369;S
20240229;101502;196.62;70;9725669370;S
20240229;101502;196.62;20;9725669371;S
20240229;101502;196.6;90;9725669372;S
20240229;101502;196.6;10;9725669373;S
20240229;101502;196.6;10;9725669374;S
20240229;101502;196.6;20;9725669375;S
20240229;101502;196.6;10;9725669376;S
20240229;101502;196.6;20;9725669377;S
20240229;101502;196.6;80;9725669378;S
20240229;101502;196.58;450;9725669379;S
20240229;101503;196.58;10;9725669587;S
20240229;101504;196.58;300;9725669862;S
20240229;101508;196.58;50;9725670562;S
20240229;101508;196.58;50;9725670595;S
20240229;101509;196.6;10;9725670772;B
20240229;101509;196.62;120;9725670773;B
20240229;101509;196.62;80;9725670821;B
20240229;101511;196.58;10;9725671277;S
20240229;101514;196.58;10;9725671721;S
20240229;101517;196.58;10;9725672294;S
20240229;101519;196.58;10;9725672657;S
20240229;101520;196.58;10;9725672792;S
20240229;101521;196.58;10;9725673008;S
20240229;101521;196.58;20;9725673043;S
20240229;101522;196.6;10;9725673157;B
20240229;101522;196.62;30;9725673158;B
20240229;101523;196.58;60;9725673397;S
20240229;101523;196.58;30;9725673398;S
20240229;101523;196.58;10;9725673399;S
20240229;101523;196.58;70;9725673400;S
20240229;101523;196.58;20;9725673401;S
20240229;101523;196.56;50;9725673402;S
20240229;101523;196.56;30;9725673403;S
20240229;101523;196.56;500;9725673404;S
20240229;101523;196.56;30;9725673405;S
20240229;101525;196.56;10;9725673693;S
20240229;101526;196.56;10;9725673810;S
20240229;101526;196.56;80;9725673881;S
20240229;101526;196.56;70;9725673882;S
20240229;101526;196.56;20;9725673883;S
20240229;101526;196.54;430;9725673884;S
20240229;101526;196.54;10;9725673894;S
20240229;101528;196.54;270;9725674154;S
20240229;101528;196.54;600;9725674155;S
20240229;101528;196.54;10;9725674156;S
20240229;101528;196.54;20;9725674157;S
20240229;101528;196.54;100;9725674158;S
20240229;101528;196.56;10;9725674226;B
20240229;101528;196.56;20;9725674227;B
20240229;101532;196.54;60;9725675021;S
20240229;101532;196.54;200;9725675022;S
20240229;101532;196.54;30;9725675023;S
20240229;101532;196.54;10;9725675024;S
20240229;101532;196.54;70;9725675025;S
20240229;101532;196.54;20;9725675026;S
20240229;101532;196.52;170;9725675027;S
20240229;101532;196.52;10;9725675030;S
20240229;101537;196.54;70;9725675999;S
20240229;101537;196.52;180;9725676000;S
20240229;101541;196.54;20;9725676701;S
20240229;101541;196.54;70;9725676702;S
20240229;101541;196.52;260;9725676703;S
20240229;101541;196.52;150;9725676704;S
20240229;101542;196.52;10;9725676720;S
20240229;101544;196.54;10;9725677128;S
20240229;101544;196.54;10;9725677140;S
20240229;101545;196.56;10;9725677303;B
20240229;101545;196.54;10;9725677377;S
20240229;101546;196.52;40;9725677485;S
20240229;101546;196.52;360;9725677486;S
20240229;101546;196.52;50;9725677487;S
20240229;101546;196.52;30;9725677488;S
20240229;101546;196.52;520;9725677489;S
20240229;101546;196.54;10;9725677592;B
20240229;101547;196.54;10;9725677738;S
20240229;101547;196.54;10;9725677870;S
20240229;101547;196.52;10;9725677877;S
20240229;101549;196.52;250;9725678214;S
20240229;101550;196.54;10;9725678508;S
20240229;101551;196.54;10;9725678620;S
20240229;101552;196.52;10;9725678815;S
20240229;101555;196.52;10;9725679421;S
20240229;101556;196.54;10;9725679626;B
20240229;101556;196.58;80;9725679627;B
20240229;101556;196.58;70;9725679628;B
20240229;101556;196.6;40;9725679629;B
20240229;101603;196.6;20;9725681022;B
20240229;101603;196.54;100;9725681105;S
20240229;101603;196.54;70;9725681106;S
20240229;101603;196.54;10;9725681107;S
20240229;101603;196.52;750;9725681108;S
20240229;101603;196.52;20;9725681109;S
20240229;101604;196.6;10;9725681122;B
20240229;101609;196.56;10;9725681954;B
20240229;101615;196.6;40;9725682663;B
20240229;101621;196.56;10;9725683802;B
20240229;101622;196.54;10;9725683870;S
20240229;101625;196.56;10;9725684587;B
20240229;101625;196.56;330;9725684636;B
20240229;101627;196.56;170;9725685020;S
20240229;101627;196.56;80;9725685021;S
20240229;101627;196.54;180;9725685022;S
20240229;101627;196.54;190;9725685023;S
20240229;101627;196.54;90;9725685024;S
20240229;101627;196.54;50;9725685025;S
20240229;101627;196.52;480;9725685026;S
20240229;101627;196.52;20;9725685027;S
20240229;101632;196.6;10;9725685908;B
20240229;101632;196.62;30;9725685909;B
20240229;101641;196.54;100;9725686948;S
20240229;101645;196.54;200;9725687377;S
20240229;101647;196.58;10;9725687578;B
20240229;101647;196.6;60;9725687579;B
20240229;101648;196.62;10;9725687626;B
20240229;101648;196.56;30;9725687709;S
20240229;101706;196.62;10;9725690170;B
20240229;101711;196.6;10;9725690715;B
20240229;101711;196.62;80;9725690716;B
20240229;101711;196.62;40;9725690717;B
20240229;101711;196.62;70;9725690718;B
20240229;101717;196.64;10;9725691420;B
20240229;101717;196.64;90;9725691421;B
20240229;101717;196.64;500;9725691425;B
20240229;101718;196.62;10;9725691436;S
20240229;101721;196.62;1000;9725691794;S
20240229;101723;196.62;40;9725691992;S
20240229;101723;196.6;20;9725692005;S
20240229;101724;196.6;10;9725692052;S
20240229;101724;196.6;10;9725692055;S
20240229;101729;196.64;20;9725692625;B
20240229;101729;196.64;10;9725692636;B
20240229;101733;196.64;250;9725692990;B
20240229;101734;196.64;130;9725693072;B
20240229;101734;196.64;10;9725693073;B
20240229;101738;196.64;10;9725693567;S
20240229;101739;196.68;60;9725693651;B
20240229;101739;196.68;250;9725693710;B
20240229;101749;196.64;30;9725694735;S
20240229;101749;196.68;20;9725694824;B
20240229;101752;196.64;20;9725695050;S
20240229;101808;196.64;200;9725697104;S
20240229;101808;196.64;50;9725697105;S
20240229;101808;196.66;10;9725697156;B
20240229;101810;196.64;40;9725697318;S
20240229;101810;196.64;10;9725697319;S
20240229;101810;196.64;250;9725697320;S
20240229;101817;196.66;90;9725698139;B
20240229;101817;196.66;80;9725698140;B
20240229;101817;196.68;1830;9725698141;B
20240229;101820;196.64;10;9725698464;S
20240229;101822;196.66;10;9725698615;B
20240229;101824;196.68;10;9725698743;B
20240229;101828;196.64;20;9725699159;S
20240229;101832;196.64;10;9725699574;S
20240229;101835;196.64;30;9725699869;S
20240229;101838;196.64;180;9725700159;S
20240229;101838;196.64;10;9725700160;S
20240229;101838;196.64;100;9725700161;S
20240229;101838;196.62;90;9725700162;S
20240229;101838;196.62;80;9725700163;S
20240229;101838;196.6;80;9725700164;S
20240229;101838;196.6;10;9725700165;S
20240229;101838;196.6;20;9725700166;S
20240229;101838;196.6;20;9725700167;S
20240229;101838;196.6;240;9725700168;S
20240229;101838;196.58;20;9725700169;S
20240229;101838;196.58;50;9725700170;S
20240229;101838;196.56;20;9725700171;S
20240229;101838;196.56;10;9725700172;S
20240229;101838;196.56;20;9725700173;S
20240229;101838;196.56;510;9725700174;S
20240229;101838;196.56;70;9725700175;S
20240229;101838;196.56;450;9725700176;S
20240229;101841;196.6;10;9725700488;B
20240229;101845;196.6;50;9725700948;B
20240229;101845;196.6;80;9725700949;B
20240229;101845;196.66;1000;9725700950;B
20240229;101850;196.6;10;9725701424;S
20240229;101900;196.64;80;9725702488;B
20240229;101900;196.64;830;9725702489;S
20240229;101900;196.64;190;9725702490;S
20240229;101900;196.64;100;9725702533;S
20240229;101902;196.62;80;9725702686;B
20240229;101902;196.64;20;9725702687;B
20240229;101907;196.62;10;9725703329;B
20240229;101908;196.62;10;9725703400;S
20240229;101909;196.62;20;9725703781;S
20240229;101916;196.66;80;9725704713;B
20240229;101917;196.66;10;9725704788;S
20240229;101921;196.68;10;9725705254;B
20240229;101923;196.66;20;9725705614;S
20240229;101923;196.66;70;9725705630;S
20240229;101925;196.68;10;9725705932;B
20240229;101926;196.68;810;9725706079;B
20240229;101926;196.68;90;9725706080;B
20240229;101932;196.64;20;9725706777;S
20240229;101933;196.64;10;9725707085;S
20240229;101935;196.68;210;9725707434;B
20240229;101935;196.68;80;9725707435;B
20240229;101935;196.68;80;9725707436;B
20240229;101936;196.68;30;9725707614;S
20240229;101937;196.68;30;9725707766;S
20240229;101937;196.68;30;9725707957;S
20240229;101938;196.68;70;9725708132;S
20240229;101949;196.7;30;9725709588;B
20240229;101949;196.7;80;9725709589;B
20240229;101950;196.74;20;9725709618;B
20240229;101951;196.74;50;9725709743;B
20240229;101952;196.7;890;9725709923;S
20240229;101957;196.64;10;9725710753;S
20240229;101957;196.68;80;9725710763;B
20240229;101957;196.7;920;9725710764;B
20240229;102000;196.7;80;9725711109;B
20240229;102000;196.7;640;9725711110;S
20240229;102000;196.7;130;9725711111;S
20240229;102000;196.7;450;9725711112;S
20240229;102005;196.68;20;9725711977;B
20240229;102014;196.68;80;9725713092;B
20240229;102014;196.7;790;9725713093;B
20240229;102014;196.7;30;9725713094;B
20240229;102014;196.72;1000;9725713095;B
20240229;102017;196.72;80;9725713829;B
20240229;102021;196.74;10;9725715674;B
20240229;102032;196.74;1500;9725722066;B
20240229;102034;196.72;30;9725722403;S
20240229;102037;196.72;80;9725722963;S
20240229;102040;196.72;100;9725724806;S
20240229;102040;196.72;50;9725724807;S
20240229;102042;196.72;880;9725725742;S
20240229;102045;196.74;60;9725726781;B
20240229;102050;196.74;10;9725729202;B
20240229;102051;196.7;20;9725729343;S
20240229;102055;196.74;20;9725729899;B
20240229;102058;196.74;60;9725730610;B
20240229;102105;196.74;270;9725733622;B
20240229;102105;196.74;530;9725733623;B
20240229;102105;196.72;50;9725733632;S
20240229;102117;196.72;10;9725737000;S
20240229;102119;196.72;510;9725737321;S
20240229;102121;196.74;10;9725737851;B
20240229;102122;196.74;10;9725737944;B
20240229;102124;196.72;10;9725738217;S
20240229;102131;196.72;30;9725740357;S
20240229;102131;196.72;30;9725740440;S
20240229;102132;196.72;30;9725740477;S
20240229;102132;196.72;40;9725740489;S
20240229;102132;196.72;30;9725740491;S
20240229;102132;196.74;10;9725740506;B
20240229;102132;196.72;30;9725740549;S
20240229;102136;196.74;300;9725741257;B
20240229;102144;196.74;10;9725743779;B
20240229;102152;196.74;80;9725745626;B
20240229;102211;196.72;20;9725750480;S
20240229;102214;196.74;200;9725751759;B
20240229;102214;196.72;200;9725751853;S
20240229;102216;196.74;10;9725752031;B
20240229;102216;196.74;10;9725752039;B
20240229;102216;196.74;10;9725752060;B
20240229;102216;196.74;70;9725752153;B
20240229;102216;196.76;10;9725752248;S
20240229;102217;196.76;150;9725752258;S
20240229;102217;196.74;350;9725752259;S
20240229;102217;196.74;10;9725752260;S
20240229;102217;196.74;90;9725752261;S
20240229;102217;196.72;300;9725752262;S
20240229;102219;196.78;500;9725753518;B
20240229;102220;196.8;500;9725753682;B
20240229;102220;196.82;90;9725753683;B
20240229;102220;196.82;410;9725753684;B
20240229;102221;196.74;10;9725753788;S
20240229;102221;196.74;90;9725753789;S
20240229;102221;196.74;90;9725753790;S
20240229;102221;196.74;80;9725753791;S
20240229;102221;196.74;10;9725753792;S
20240229;102239;196.84;30;9725759270;B
20240229;102239;196.84;30;9725759323;B
20240229;102239;196.84;30;9725759340;B
20240229;102240;196.84;30;9725759406;B
20240229;102240;196.84;30;9725759418;B
20240229;102241;196.84;30;9725759474;B
20240229;102241;196.84;30;9725759510;B
20240229;102244;196.84;10;9725760373;B
20240229;102245;196.82;100;9725761152;S
20240229;102245;196.8;60;9725761153;S
20240229;102245;196.8;90;9725761154;S
20240229;102245;196.78;160;9725761155;S
20240229;102245;196.76;500;9725761156;S
20240229;102245;196.74;10;9725761157;S
20240229;102245;196.74;90;9725761158;S
20240229;102245;196.74;10;9725761159;S
20240229;102245;196.74;1400;9725761160;S
20240229;102245;196.74;800;9725761161;S
20240229;102246;196.82;80;9725761527;B
20240229;102246;196.82;1840;9725761528;B
20240229;102246;196.84;780;9725761529;B
20240229;102246;196.84;50;9725761530;B
20240229;102246;196.84;90;9725761531;B
20240229;102246;196.86;230;9725761532;B
20240229;102246;196.86;500;9725761533;B
20240229;102246;196.88;1000;9725761534;B
20240229;102246;196.88;140;9725761535;B
20240229;102246;196.88;1270;9725761536;B
20240229;102246;196.9;980;9725761537;B
20240229;102246;196.9;170;9725761538;B
20240229;102246;196.92;500;9725761539;B
20240229;102246;196.92;1530;9725761540;B
20240229;102246;196.94;760;9725761541;B
20240229;102246;196.94;1010;9725761542;B
20240229;102246;196.96;30;9725761543;B
20240229;102246;196.98;10;9725761544;B
20240229;102246;196.98;10;9725761545;B
20240229;102246;196.98;500;9725761546;B
20240229;102246;196.98;4200;9725761547;B
20240229;102246;196.98;5000;9725761548;B
20240229;102246;196.98;80;9725761549;B
20240229;102246;197;4000;9725761550;B
20240229;102246;197;20;9725761551;B
20240229;102246;197;20;9725761552;B
20240229;102246;197;80;9725761553;B
20240229;102246;197;20;9725761554;B
20240229;102246;197;11100;9725761555;B
20240229;102247;197;1500;9725761649;B
20240229;102248;197;10;9725761767;B
20240229;102259;196.96;10;9725764250;S
20240229;102305;196.98;10;9725765936;S
20240229;102308;197;10;9725767463;B
20240229;102309;196.96;30;9725767557;S
20240229;102309;196.96;30;9725767570;S
20240229;102312;197;200;9725768008;B
20240229;102314;196.96;20;9725768171;S
20240229;102314;196.96;180;9725768172;S
20240229;102319;197;5680;9725769800;B
20240229;102319;197;50;9725769801;B
20240229;102319;197;100;9725769802;B
20240229;102319;197;100;9725769803;B
20240229;102325;197;40;9725771566;S
20240229;102333;197.04;60;9725773767;B
20240229;102333;197.06;10;9725773791;B
20240229;102333;197.06;350;9725773793;B
20240229;102333;197.06;600;9725773896;B
20240229;102334;197.08;10;9725773929;B
20240229;102334;197.08;250;9725773991;B
20240229;102352;197;30;9725778195;S
20240229;102352;197;60;9725778196;S
20240229;102352;197;290;9725778197;S
20240229;102352;197;100;9725778198;S
20240229;102352;197;280;9725778199;S
20240229;102404;197.1;10;9725781915;B
20240229;102412;197.04;10;9725782885;S
20240229;102426;197.1;10;9725787186;B
20240229;102429;197.1;50;9725788088;B
20240229;102435;197.06;10;9725789221;S
20240229;102437;197.06;20;9725789471;S
20240229;102439;197.1;90;9725790089;B
20240229;102439;197.1;420;9725790099;B
20240229;102440;197.1;10;9725790862;B
20240229;102441;197.06;50;9725791155;S
20240229;102442;197.1;10;9725791236;B
20240229;102442;197.1;10;9725791237;B
20240229;102445;197.08;10;9725791645;S
20240229;102452;197.14;10;9725793603;B
20240229;102455;197.1;20;9725794032;S
20240229;102455;197.08;80;9725794033;S
20240229;102501;197.18;10;9725796193;B
20240229;102501;197.18;150;9725796258;B
20240229;102501;197.18;120;9725796259;B
20240229;102501;197.2;10;9725796260;B
20240229;102501;197.2;90;9725796261;B
20240229;102501;197.26;20;9725796262;B
20240229;102501;197.26;20;9725796263;B
20240229;102501;197.28;510;9725796264;B
20240229;102501;197.3;200;9725796265;B
20240229;102501;197.3;1260;9725796266;B
20240229;102501;197.3;620;9725796267;S
20240229;102501;197.3;60;9725796271;B
20240229;102501;197.3;450;9725796272;B
20240229;102501;197.32;150;9725796273;B
20240229;102501;197.32;500;9725796274;B
20240229;102501;197.32;90;9725796275;B
20240229;102501;197.34;100;9725796276;B
20240229;102501;197.36;760;9725796277;B
20240229;102501;197.36;100;9725796278;B
20240229;102501;197.38;510;9725796279;B
20240229;102501;197.38;1260;9725796280;B
20240229;102501;197.4;150;9725796281;S
20240229;102501;197.4;760;9725796282;S
20240229;102501;197.4;170;9725796283;S
20240229;102501;197.3;90;9725796284;S
20240229;102501;197.3;40;9725796285;B
20240229;102501;197.3;40;9725796510;B
20240229;102502;197.3;30;9725796520;B
20240229;102502;197.36;10;9725796521;B
20240229;102502;197.38;510;9725796522;B
20240229;102502;197.4;510;9725796523;B
20240229;102502;197.4;90;9725796524;B
20240229;102502;197.42;350;9725796525;B
20240229;102502;197.42;150;9725796560;B
20240229;102502;197.42;250;9725796561;B
20240229;102502;197.42;120;9725796570;B
20240229;102502;197.44;680;9725796571;B
20240229;102502;197.44;80;9725796587;B
20240229;102502;197.46;70;9725796588;B
20240229;102507;197.4;20;9725797276;S
20240229;102509;197.4;230;9725797549;S
20240229;102509;197.4;250;9725797550;S
20240229;102509;197.38;190;9725797551;S
20240229;102510;197.38;40;9725797662;S
20240229;102511;197.38;20;9725798645;S
20240229;102511;197.38;530;9725798646;S
20240229;102511;197.38;90;9725798647;S
20240229;102512;197.34;50;9725798714;S
20240229;102517;197.32;10;9725799874;B
20240229;102527;197.32;90;9725801857;B
20240229;102527;197.34;1260;9725801858;B
20240229;102527;197.36;500;9725801859;B
20240229;102527;197.4;50;9725801860;B
20240229;102527;197.44;500;9725801861;B
20240229;102527;197.46;30;9725801862;B
20240229;102527;197.5;60;9725801863;B
20240229;102527;197.5;20;9725801864;B
20240229;102527;197.56;420;9725801865;B
20240229;102527;197.58;10;9725801866;B
20240229;102527;197.58;200;9725801867;B
20240229;102527;197.6;50;9725801868;B
20240229;102527;197.6;1810;9725801869;B
20240229;102527;197.48;100;9725801904;B
20240229;102527;197.46;20;9725801913;B
20240229;102527;197.46;40;9725801914;B
20240229;102527;197.46;10;9725801949;B
20240229;102529;197.46;10;9725802174;B
20240229;102529;197.44;20;9725802265;B
20240229;102529;197.46;320;9725802342;B
20240229;102530;197.46;10;9725802386;B
20240229;102530;197.46;10;9725802488;B
20240229;102535;197.36;170;9725803098;S
20240229;102535;197.34;300;9725803099;S
20240229;102535;197.32;500;9725803100;S
20240229;102535;197.3;30;9725803101;S
20240229;102537;197.26;50;9725803316;S
20240229;102537;197.26;50;9725803317;S
20240229;102538;197.38;10;9725803364;B
20240229;102541;197.36;160;9725803674;B
20240229;102541;197.38;510;9725803675;B
20240229;102541;197.4;1530;9725803676;B
20240229;102541;197.4;500;9725803677;B
20240229;102541;197.44;160;9725803678;B
20240229;102541;197.44;1140;9725803679;B
20240229;102543;197.46;50;9725803875;B
20240229;102543;197.48;400;9725803876;B
20240229;102545;197.38;50;9725804027;S
20240229;102545;197.36;110;9725804028;S
20240229;102547;197.32;70;9725804295;S
20240229;102547;197.32;20;9725804335;S
20240229;102550;197.46;10;9725804566;B
20240229;102557;197.3;10;9725805209;S
20240229;102557;197.46;100;9725805256;B
20240229;102557;197.46;80;9725805257;B
20240229;102557;197.48;1240;9725805258;B
20240229;102600;197.48;100;9725805548;B
20240229;102600;197.48;80;9725805549;B
20240229;102600;197.5;20;9725805550;B
20240229;102600;197.5;1530;9725805551;B
20240229;102600;197.5;270;9725805552;B
20240229;102600;197.5;980;9725805580;B
20240229;102600;197.5;510;9725805581;B
20240229;102600;197.52;150;9725805582;B
20240229;102603;197.4;10;9725805745;S
20240229;102603;197.38;20;9725805746;S
20240229;102604;197.44;30;9725805869;S
20240229;102605;197.48;10;9725805942;B
20240229;102605;197.44;60;9725805961;S
20240229;102605;197.44;10;9725805962;S
20240229;102605;197.44;10;9725805963;S
20240229;102605;197.4;80;9725805964;S
20240229;102605;197.38;190;9725805965;S
20240229;102605;197.34;20;9725805966;S
20240229;102605;197.34;630;9725805967;S
20240229;102607;197.48;10;9725806099;B
20240229;102607;197.48;60;9725806100;B
20240229;102608;197.44;10;9725806294;S
20240229;102610;197.44;80;9725806488;S
20240229;102610;197.44;10;9725806489;S
20240229;102610;197.44;10;9725806490;S
20240229;102610;197.4;40;9725806491;S
20240229;102617;197.48;40;9725807219;B
20240229;102622;197.44;90;9725807608;S
20240229;102622;197.44;10;9725807609;S
20240229;102622;197.42;70;9725807610;S
20240229;102622;197.4;100;9725807611;S
20240229;102622;197.38;180;9725807612;S
20240229;102622;197.38;90;9725807621;B
20240229;102622;197.38;10;9725807623;B
20240229;102622;197.38;90;9725807628;B
20240229;102622;197.38;10;9725807630;B
20240229;102622;197.38;90;9725807633;B
20240229;102622;197.38;90;9725807635;B
20240229;102622;197.38;40;9725807639;B
20240229;102636;197.38;20;9725809696;B
20240229;102640;197.36;30;9725810167;S
20240229;102641;197.38;150;9725810270;B
20240229;102642;197.36;500;9725810333;S
20240229;102646;197.38;10;9725810641;B
20240229;102648;197.38;100;9725810815;B
20240229;102648;197.36;10;9725810827;S
20240229;102649;197.38;20;9725810862;B
20240229;102655;197.36;70;9725811578;S
20240229;102656;197.38;10;9725811628;B
20240229;102659;197.36;200;9725811925;S
20240229;102704;197.36;100;9725812369;S
20240229;102709;197.38;10;9725812745;B
20240229;102709;197.36;90;9725812748;S
20240229;102709;197.36;50;9725812749;S
20240229;102709;197.36;20;9725812750;S
20240229;102709;197.34;90;9725812751;S
20240229;102709;197.32;100;9725812752;S
20240229;102709;197.32;20;9725812753;S
20240229;102709;197.3;130;9725812754;S
20240229;102723;197.3;90;9725813995;S
20240229;102723;197.3;20;9725813996;S
20240229;102723;197.3;90;9725813997;S
20240229;102725;197.34;10;9725814272;B
20240229;102725;197.36;40;9725814273;B
20240229;102732;197.36;1000;9725814932;B
20240229;102733;197.38;10;9725815062;B
20240229;102805;197.38;170;9725818198;B
20240229;102808;197.32;30;9725818417;S
20240229;102808;197.32;20;9725818418;S
20240229;102808;197.3;100;9725818419;S
20240229;102808;197.3;20;9725818420;S
20240229;102808;197.28;80;9725818421;S
20240229;102808;197.26;20;9725818422;S
20240229;102808;197.26;1260;9725818423;S
20240229;102808;197.24;20;9725818424;S
20240229;102808;197.22;10;9725818425;S
20240229;102808;197.22;500;9725818426;S
20240229;102821;197.22;90;9725819765;S
20240229;102821;197.22;60;9725819766;S
20240229;102847;197.3;20;9725822521;S
20240229;102847;197.24;10;9725822522;S
20240229;102847;197.24;70;9725822523;S
20240229;102850;197.32;60;9725822797;B
20240229;102855;197.32;10;9725823265;B
20240229;102902;197.22;10;9725824203;S
20240229;102902;197.22;20;9725824204;S
20240229;102902;197.22;10;9725824205;S
20240229;102902;197.22;90;9725824206;S
20240229;102905;197.16;600;9725824530;S
20240229;102914;197.2;200;9725825499;B
20240229;102918;197.2;10;9725826007;B
20240229;102922;197.2;1000;9725826345;B
20240229;102957;197.2;10;9725830252;S
20240229;103015;197.22;20;9725832528;B
20240229;103037;197.22;350;9725834629;B
20240229;103037;197.22;140;9725834630;B
20240229;103037;197.24;10;9725834631;B
20240229;103043;197.28;10;9725835159;B
20240229;103102;197.22;10;9725837197;B
20240229;103123;197.28;10;9725839927;B
20240229;103129;197.28;190;9725840630;B
20240229;103130;197.28;300;9725840784;B
20240229;103130;197.28;1200;9725840785;B
20240229;103130;197.28;90;9725840786;B
20240229;103130;197.28;80;9725840787;B
20240229;103130;197.3;830;9725840788;B
20240229;103130;197.28;60;9725840843;B
20240229;103136;197.28;20;9725841288;B
20240229;103137;197.28;60;9725841343;B
20240229;103148;197.22;10;9725842307;S
20240229;103148;197.2;20;9725842308;S
20240229;103148;197.2;50;9725842309;S
20240229;103148;197.2;10;9725842310;S
20240229;103148;197.2;10;9725842311;S
20240229;103148;197.2;10;9725842312;S
20240229;103148;197.2;40;9725842313;S
20240229;103209;197.28;10;9725844624;B
20240229;103233;197.2;200;9725848223;S
20240229;103241;197.26;80;9725849108;B
20240229;103241;197.26;40;9725849109;B
20240229;103241;197.26;70;9725849110;S
20240229;103241;197.26;90;9725849111;S
20240229;103241;197.26;720;9725849112;S
20240229;103245;197.26;20;9725849751;B
20240229;103246;197.26;10;9725849881;S
20240229;103247;197.28;360;9725849910;B
20240229;103247;197.28;30;9725849911;B
20240229;103247;197.28;60;9725849912;B
20240229;103247;197.3;50;9725849913;B
20240229;103255;197.3;500;9725851512;B
20240229;103255;197.3;30;9725851613;B
20240229;103257;197.3;1690;9725851843;B
20240229;103257;197.38;50;9725851844;B
20240229;103257;197.38;90;9725851845;B
20240229;103257;197.38;10;9725851846;B
20240229;103257;197.38;10;9725851847;B
20240229;103257;197.38;660;9725851848;B
20240229;103302;197.48;10;9725852365;B
20240229;103303;197.5;10;9725852477;B
20240229;103303;197.52;10;9725852531;B
20240229;103313;197.52;40;9725853554;B
20240229;103327;197.52;10;9725855118;S
20240229;103328;197.52;50;9725855181;S
20240229;103329;197.52;300;9725855369;S
20240229;103336;197.56;10;9725855959;B
20240229;103336;197.6;10;9725855960;B
20240229;103336;197.6;60;9725855961;B
20240229;103336;197.6;100;9725855962;B
20240229;103336;197.6;1260;9725855963;B
20240229;103336;197.62;500;9725855964;B
20240229;103336;197.64;1000;9725855965;B
20240229;103336;197.66;10;9725855966;B
20240229;103336;197.66;20;9725855967;B
20240229;103336;197.66;310;9725855968;B
20240229;103336;197.68;1530;9725855969;B
20240229;103336;197.68;80;9725855970;B
20240229;103336;197.7;50;9725855971;B
20240229;103336;197.7;60;9725855972;B
20240229;103337;197.7;760;9725856019;B
20240229;103341;197.62;10;9725856778;B
20240229;103358;197.68;20;9725858845;B
20240229;103402;197.64;10;9725859163;S
20240229;103402;197.64;10;9725859164;S
20240229;103404;197.64;10;9725859417;B
20240229;103406;197.68;200;9725859614;B
20240229;103412;197.7;110;9725860187;B
20240229;103412;197.72;10;9725860188;B
20240229;103412;197.72;60;9725860189;B
20240229;103412;197.74;100;9725860190;B
20240229;103412;197.74;1260;9725860191;B
20240229;103412;197.76;90;9725860192;B
20240229;103412;197.76;30;9725860193;B
20240229;103412;197.76;50;9725860194;B
20240229;103412;197.76;160;9725860195;B
20240229;103412;197.78;10;9725860196;B
20240229;103412;197.78;2620;9725860197;B
20240229;103412;197.78;500;9725860198;B
20240229;103419;197.7;500;9725860964;S
20240229;103420;197.7;140;9725861055;B
20240229;103420;197.7;20;9725861056;B
20240229;103420;197.7;140;9725861057;B
20240229;103423;197.7;10;9725861326;S
20240229;103439;197.7;10;9725862924;S
20240229;103442;197.72;10;9725863294;B
20240229;103449;197.7;30;9725864013;S
20240229;103452;197.74;10;9725864338;B
20240229;103452;197.76;60;9725864339;B
20240229;103452;197.76;140;9725864340;B
20240229;103452;197.78;2380;9725864341;B
20240229;103452;197.78;1530;9725864342;B
20240229;103452;197.8;10;9725864343;B
20240229;103452;197.8;20;9725864344;B
20240229;103452;197.8;100;9725864345;B
20240229;103452;197.8;800;9725864346;B
20240229;103458;197.74;70;9725865000;S
20240229;103458;197.8;1200;9725865001;B
20240229;103458;197.8;1260;9725865002;B
20240229;103458;197.8;10;9725865003;B
20240229;103458;197.8;10;9725865004;B
20240229;103458;197.82;60;9725865005;B
20240229;103458;197.86;80;9725865006;B
20240229;103458;197.86;220;9725865007;B
20240229;103458;197.88;1000;9725865008;B
20240229;103458;197.88;500;9725865009;B
20240229;103458;197.88;660;9725865010;B
20240229;103459;197.88;100;9725865201;B
20240229;103503;197.82;300;9725865587;S
20240229;103508;197.74;20;9725866088;S
20240229;103508;197.74;10;9725866089;S
20240229;103514;197.74;30;9725866600;S
20240229;103514;197.72;10;9725866601;S
20240229;103514;197.72;60;9725866602;S
20240229;103514;197.7;10;9725866603;S
20240229;103514;197.7;30;9725866604;S
20240229;103514;197.7;330;9725866605;S
20240229;103514;197.68;200;9725866606;S
20240229;103514;197.68;500;9725866607;S
20240229;103514;197.68;320;9725866608;B
20240229;103534;197.68;20;9725868457;B
20240229;103538;197.58;10;9725868902;S
20240229;103538;197.58;10;9725868903;S
20240229;103538;197.56;80;9725868904;S
20240229;103554;197.5;30;9725870871;S
20240229;103554;197.5;10;9725870872;S
20240229;103554;197.5;30;9725870873;S
20240229;103605;197.56;10;9725872444;B
20240229;103623;197.58;80;9725875002;B
20240229;103623;197.58;1530;9725875003;B
20240229;103623;197.6;60;9725875004;B
20240229;103623;197.6;330;9725875005;B
20240229;103623;197.62;5000;9725875006;B
20240229;103623;197.62;500;9725875007;B
20240229;103623;197.7;10;9725875018;B
20240229;103633;197.7;190;9725876864;B
20240229;103636;197.7;200;9725877595;B
20240229;103636;197.7;10;9725877598;B
20240229;103637;197.68;30;9725877818;S
20240229;103637;197.7;10;9725877819;B
20240229;103637;197.7;60;9725877820;B
20240229;103638;197.7;10;9725878065;B
20240229;103639;197.7;110;9725878304;B
20240229;103639;197.72;30;9725878305;B
20240229;103639;197.82;290;9725878306;B
20240229;103639;197.84;80;9725878307;B
20240229;103639;197.86;1490;9725878308;B
20240229;103646;197.88;50;9725879153;B
20240229;103646;197.88;10;9725879154;B
20240229;103646;197.88;30;9725879155;B
20240229;103646;197.9;20;9725879156;B
20240229;103649;197.9;230;9725879450;B
20240229;103649;197.9;270;9725879451;B
20240229;103653;197.76;330;9725879849;S
20240229;103653;197.74;510;9725879850;S
20240229;103653;197.72;500;9725879851;S
20240229;103653;197.7;310;9725879852;S
20240229;103709;197.74;40;9725881335;S
20240229;103718;197.8;10;9725882156;B
20240229;103718;197.8;90;9725882157;B
20240229;103720;197.8;10;9725882361;B
20240229;103720;197.82;90;9725882362;B
20240229;103721;197.84;20;9725882455;B
20240229;103728;197.82;220;9725883272;B
20240229;103728;197.82;30;9725883273;B
20240229;103735;197.84;1530;9725883973;B
20240229;103735;197.84;60;9725883974;B
20240229;103735;197.86;500;9725883975;B
20240229;103735;197.86;500;9725883976;B
20240229;103735;197.86;410;9725883977;B
20240229;103740;197.86;510;9725884456;B
20240229;103741;197.86;40;9725884517;S
20240229;103747;197.9;10;9725885193;B
20240229;103751;197.9;10;9725885487;B
20240229;103752;197.9;250;9725885574;B
20240229;103752;197.9;1000;9725885596;B
20240229;103753;197.9;460;9725885698;B
20240229;103753;197.92;60;9725885699;B
20240229;103753;197.94;20;9725885700;B
20240229;103753;197.94;460;9725885701;B
20240229;103754;197.94;800;9725885761;B
20240229;103754;197.96;200;9725885762;B
20240229;103755;197.96;1000;9725885936;B
20240229;103757;197.96;800;9725886052;B
20240229;103757;197.98;10;9725886070;B
20240229;103757;197.98;50;9725886071;B
20240229;103757;197.98;20;9725886072;B
20240229;103757;198;1000;9725886073;B
20240229;103757;198;100;9725886074;B
20240229;103757;198;10;9725886075;B
20240229;103757;198;310;9725886076;B
20240229;103759;198;1200;9725886245;B
20240229;103759;198;30;9725886246;B
20240229;103759;198;20;9725886247;B
20240229;103759;198;10;9725886248;B
20240229;103759;198;50;9725886249;B
20240229;103759;198;30;9725886250;B
20240229;103759;198;50;9725886251;B
20240229;103759;198;30;9725886252;B
20240229;103759;198;40;9725886253;B
20240229;103759;198;40;9725886254;B
20240229;103759;198;1150;9725886255;B
20240229;103759;198;70;9725886256;B
20240229;103759;198;30;9725886257;B
20240229;103759;198;500;9725886258;B
20240229;103800;198.02;10;9725886401;B
20240229;103800;198.02;1490;9725886402;B
20240229;103801;198.02;510;9725886469;B
20240229;103801;198.04;60;9725886470;B
20240229;103802;198.06;100;9725886504;B
20240229;103803;198.08;1260;9725886616;B
20240229;103803;198.1;20;9725886617;B
20240229;103803;198.1;10;9725886618;B
20240229;103803;198.1;210;9725886619;B
20240229;103803;198.06;70;9725886661;S
20240229;103803;198.04;30;9725886662;S
20240229;103804;198.08;1000;9725886742;B
20240229;103807;198.04;400;9725887130;S
20240229;103807;198.04;100;9725887131;S
20240229;103807;198.02;200;9725887132;S
20240229;103807;198.1;40;9725887146;B
20240229;103807;198.1;10;9725887147;B
20240229;103813;198.08;10;9725887663;B
20240229;103813;198.08;10;9725887686;B
20240229;103814;198;50;9725887731;S
20240229;103814;198.08;10;9725887812;B
20240229;103816;198;200;9725887953;S
20240229;103816;198;20;9725887979;B
20240229;103816;198;10;9725887980;B
20240229;103816;198;10;9725887994;B
20240229;103817;198.08;10;9725888102;B
20240229;103817;198.08;10;9725888156;B
20240229;103818;198.08;10;9725888213;B
20240229;103823;198.08;30;9725888633;B
20240229;103828;198.08;80;9725889292;B
20240229;103831;198.08;130;9725889589;B
20240229;103831;198.08;70;9725889590;B
20240229;103831;198.08;470;9725889591;B
20240229;103842;198;10;9725890918;S
20240229;103842;198;10;9725890919;S
20240229;103842;197.98;10;9725890920;S
20240229;103842;197.98;670;9725890921;S
20240229;103849;197.98;50;9725891317;S
20240229;103849;198;10;9725891340;B
20240229;103850;198.04;10;9725891403;B
20240229;103850;197.98;50;9725891405;S
20240229;103850;198.04;10;9725891423;B
20240229;103851;198.04;60;9725891457;B
20240229;103851;198.04;10;9725891488;B
20240229;103853;198.04;10;9725891592;B
20240229;103853;198.04;10;9725891652;B
20240229;103854;198.02;10;9725891762;B
20240229;103855;198.06;10;9725891923;B
20240229;103856;198.06;10;9725891968;B
20240229;103858;198.06;10;9725892324;B
20240229;103859;198.06;10;9725892378;B
20240229;103901;198.06;10;9725892579;B
20240229;103901;198.02;10;9725892593;S
20240229;103902;198.06;10;9725892705;B
20240229;103902;198.06;10;9725892771;B
20240229;103905;198.06;50;9725893127;B
20240229;103917;198.06;100;9725894771;B
20240229;103919;198.06;20;9725894889;B
20240229;103920;198.06;10;9725894988;B
20240229;103924;198.02;50;9725895640;S
20240229;103930;198;100;9725896406;S
20240229;103930;197.98;410;9725896407;S
20240229;103930;197.98;10;9725896408;S
20240229;103930;197.98;10;9725896409;S
20240229;103930;197.98;70;9725896410;S
20240229;103930;197.96;1400;9725896411;S
20240229;103943;197.96;210;9725897869;S
20240229;103944;198;10;9725897979;B
20240229;103944;198;10;9725897980;B
20240229;103944;197.96;50;9725898031;S
20240229;103946;197.96;10;9725898143;S
20240229;103949;197.96;500;9725898459;S
20240229;103952;197.96;20;9725898750;S
20240229;103953;197.96;10;9725898901;S
20240229;103953;197.92;130;9725898902;S
20240229;103953;197.92;10;9725898903;B
20240229;104000;197.86;20;9725899540;S
20240229;104002;197.86;10;9725899779;S
20240229;104002;197.86;10;9725899780;S
20240229;104040;197.86;10;9725904468;S
20240229;104040;197.86;10;9725904469;S
20240229;104040;197.84;60;9725904470;S
20240229;104040;197.82;20;9725904471;S
20240229;104040;197.82;10;9725904472;S
20240229;104040;197.86;20;9725904473;S
20240229;104057;197.86;10;9725906290;S
20240229;104057;197.86;10;9725906296;B
20240229;104057;197.86;10;9725906299;B
20240229;104057;197.86;10;9725906323;B
20240229;104057;197.86;10;9725906330;B
20240229;104057;197.86;10;9725906334;B
20240229;104100;197.86;20;9725906668;B
20240229;104110;197.86;10;9725907649;B
20240229;104110;197.84;10;9725907657;B
20240229;104110;197.86;30;9725907684;B
20240229;104110;197.88;50;9725907685;B
20240229;104111;197.9;10;9725907751;B
20240229;104112;197.84;10;9725907942;B
20240229;104113;197.86;10;9725908128;B
20240229;104114;197.84;510;9725908189;S
20240229;104114;197.84;60;9725908190;S
20240229;104114;197.82;20;9725908191;S
20240229;104114;197.82;410;9725908192;S
20240229;104116;197.82;10;9725908458;B
20240229;104116;197.82;10;9725908542;B
20240229;104117;197.82;10;9725908619;B
20240229;104117;197.82;10;9725908642;B
20240229;104117;197.82;10;9725908643;B
20240229;104118;197.84;10;9725908685;B
20240229;104127;197.8;30;9725909493;S
20240229;104131;197.82;10;9725909981;B
20240229;104131;197.82;10;9725909982;B
20240229;104131;197.84;10;9725909983;B
20240229;104135;197.8;20;9725910504;S
20240229;104135;197.8;30;9725910505;S
20240229;104137;197.78;40;9725910872;S
20240229;104143;197.8;10;9725911450;B
20240229;104144;197.8;10;9725911530;B
20240229;104145;197.82;10;9725911627;B
20240229;104145;197.84;10;9725911664;B
20240229;104212;197.78;20;9725914786;S
20240229;104212;197.76;500;9725914813;S
20240229;104215;197.78;480;9725915124;B
20240229;104215;197.78;80;9725915125;B
20240229;104215;197.8;60;9725915126;B
20240229;104215;197.8;500;9725915127;B
20240229;104215;197.82;10;9725915128;B
20240229;104215;197.86;10;9725915129;B
20240229;104215;197.86;50;9725915130;B
20240229;104215;197.9;1530;9725915131;B
20240229;104215;197.92;280;9725915132;B
20240229;104219;197.78;510;9725915670;S
20240229;104220;197.84;10;9725915796;B
20240229;104220;197.84;80;9725915797;B
20240229;104220;197.86;10;9725915798;B
20240229;104220;197.86;400;9725915799;B
20240229;104228;197.64;10;9725916556;S
20240229;104228;197.66;10;9725916624;B
20240229;104228;197.68;10;9725916625;B
20240229;104228;197.7;10;9725916626;B
20240229;104228;197.72;10;9725916627;B
20240229;104228;197.72;70;9725916628;B
20240229;104228;197.74;10;9725916629;B
20240229;104228;197.74;500;9725916630;B
20240229;104228;197.76;10;9725916631;B
20240229;104228;197.78;70;9725916632;B
20240229;104228;197.78;180;9725916645;B
20240229;104228;197.78;100;9725916651;B
20240229;104228;197.78;100;9725916656;B
20240229;104229;197.78;180;9725916671;B
20240229;104241;197.78;60;9725918189;B
20240229;104241;197.8;240;9725918190;B
20240229;104247;197.72;10;9725918860;B
20240229;104249;197.68;20;9725919005;S
20240229;104249;197.66;80;9725919006;S
20240229;104254;197.64;10;9725919496;S
20240229;104257;197.66;10;9725919891;B
20240229;104300;197.64;60;9725920141;S
20240229;104300;197.64;510;9725920142;S
20240229;104300;197.64;1260;9725920143;S
20240229;104303;197.62;170;9725920563;S
20240229;104309;197.64;60;9725921166;S
20240229;104335;197.64;20;9725923997;B
20240229;104341;197.62;520;9725924730;S
20240229;104344;197.62;1340;9725925117;S
20240229;104344;197.62;60;9725925224;S
20240229;104348;197.62;20;9725925727;S
20240229;104351;197.62;220;9725926052;S
20240229;104352;197.64;20;9725926172;B
20240229;104354;197.62;170;9725926295;S
20240229;104354;197.62;20;9725926296;S
20240229;104354;197.62;610;9725926297;S
20240229;104354;197.6;500;9725926334;S
20240229;104402;197.6;50;9725927298;B
20240229;104409;197.56;10;9725927825;S
20240229;104410;197.56;190;9725927918;S
20240229;104410;197.56;1180;9725927919;S
20240229;104410;197.56;80;9725927920;S
20240229;104411;197.58;10;9725927984;B
20240229;104411;197.52;10;9725928050;S
20240229;104411;197.5;90;9725928051;S
20240229;104426;197.54;10;9725929230;B
20240229;104426;197.56;10;9725929231;B
20240229;104427;197.54;10;9725929390;B
20240229;104427;197.56;90;9725929391;B
20240229;104428;197.52;10;9725929536;S
20240229;104428;197.52;10;9725929537;S
20240229;104428;197.52;10;9725929538;S
20240229;104432;197.54;10;9725929957;B
20240229;104432;197.56;10;9725929984;S
20240229;104432;197.56;10;9725929995;S
20240229;104432;197.56;10;9725929996;S
20240229;104432;197.56;10;9725930018;S
20240229;104432;197.56;10;9725930019;S
20240229;104433;197.56;10;9725930022;S
20240229;104433;197.56;10;9725930026;S
20240229;104433;197.56;10;9725930035;S
20240229;104433;197.56;10;9725930040;S
20240229;104433;197.56;10;9725930070;S
20240229;104434;197.56;20;9725930260;S
20240229;104444;197.66;40;9725931108;B
20240229;104507;197.66;10;9725933328;B
20240229;104508;197.66;10;9725933402;B
20240229;104508;197.68;50;9725933403;B
20240229;104519;197.7;10;9725934407;B
20240229;104539;197.68;100;9725936545;B
20240229;104541;197.64;10;9725936706;S
20240229;104548;197.64;70;9725937393;S
20240229;104548;197.62;510;9725937394;S
20240229;104548;197.62;1530;9725937395;S
20240229;104548;197.6;1260;9725937396;S
20240229;104548;197.6;90;9725937397;B
20240229;104548;197.6;10;9725937400;B
20240229;104551;197.56;20;9725937622;S
20240229;104552;197.56;80;9725937701;S
20240229;104554;197.56;410;9725938074;S
20240229;104554;197.56;70;9725938075;S
20240229;104554;197.54;990;9725938076;S
20240229;104554;197.52;20;9725938077;S
20240229;104554;197.52;140;9725938078;S
20240229;104555;197.54;50;9725938184;S
20240229;104604;197.58;40;9725938937;S
20240229;104612;197.58;510;9725939733;S
20240229;104612;197.58;70;9725939734;S
20240229;104620;197.58;100;9725940529;B
20240229;104621;197.56;10;9725940583;S
20240229;104623;197.58;370;9725940748;B
20240229;104623;197.6;70;9725940749;B
20240229;104623;197.62;500;9725940750;B
20240229;104623;197.62;40;9725940751;B
20240229;104623;197.64;1520;9725940752;B
20240229;104623;197.64;110;9725940754;B
20240229;104625;197.64;30;9725940927;B
20240229;104626;197.64;340;9725941067;B
20240229;104626;197.68;100;9725941077;B
20240229;104628;197.7;30;9725941235;B
20240229;104628;197.7;90;9725941236;B
20240229;104635;197.7;160;9725941746;B
20240229;104635;197.7;50;9725941784;S
20240229;104648;197.8;10;9725943270;B
20240229;104652;197.7;40;9725943596;S
20240229;104652;197.7;60;9725943597;S
20240229;104655;197.78;60;9725943808;B
20240229;104656;197.8;120;9725943913;B
20240229;104706;197.8;20;9725945015;B
20240229;104720;197.78;140;9725946324;S
20240229;104727;197.76;10;9725946883;B
20240229;104727;197.76;60;9725946884;B
20240229;104727;197.78;30;9725946885;B
20240229;104743;197.74;50;9725948509;B
20240229;104748;197.64;30;9725949481;S
20240229;104748;197.64;110;9725949483;S
20240229;104748;197.64;50;9725949484;S
20240229;104748;197.62;360;9725949485;S
20240229;104751;197.68;60;9725949793;B
20240229;104751;197.7;140;9725949794;B
20240229;104751;197.72;130;9725949795;B
20240229;104817;197.72;10;9725952496;B
20240229;104819;197.62;110;9725952719;S
20240229;104819;197.62;10;9725952720;S
20240229;104819;197.62;50;9725952721;S
20240229;104819;197.62;60;9725952722;S
20240229;104819;197.6;240;9725952723;S
20240229;104819;197.6;110;9725952724;S
20240229;104826;197.62;60;9725953508;S
20240229;104826;197.62;30;9725953509;S
20240229;104836;197.7;10;9725954492;B
20240229;104844;197.72;10;9725955133;B
20240229;104848;197.72;50;9725955434;B
20240229;104850;197.72;140;9725955593;B
20240229;104850;197.72;80;9725955594;B
20240229;104850;197.74;280;9725955595;B
20240229;104853;197.66;80;9725955930;S
20240229;104853;197.66;60;9725955931;S
20240229;104853;197.64;270;9725955932;S
20240229;104853;197.64;1530;9725955933;S
20240229;104853;197.62;60;9725955934;S
20240229;104855;197.64;970;9725956038;S
20240229;104855;197.62;1030;9725956039;S
20240229;104855;197.72;20;9725956040;B
20240229;104855;197.74;10;9725956041;B
20240229;104912;197.7;50;9725957648;B
20240229;104916;197.7;950;9725957945;B
20240229;104916;197.7;60;9725957946;B
20240229;104916;197.72;80;9725957947;B
20240229;104916;197.74;210;9725957948;B
20240229;104916;197.76;500;9725957949;B
20240229;104916;197.78;1330;9725957950;B
20240229;104916;197.78;90;9725957951;B
20240229;104916;197.8;1230;9725957952;B
20240229;104916;197.8;250;9725957953;B
20240229;104916;197.82;300;9725957954;B
20240229;104932;197.68;20;9725959152;S
20240229;104932;197.78;10;9725959188;B
20240229;104937;197.66;10;9725959586;S
20240229;104945;197.64;10;9725960244;S
20240229;104956;197.74;10;9725961354;B
20240229;105049;197.82;10;9725966644;B
20240229;105049;197.86;50;9725966645;B
20240229;105049;197.88;220;9725966646;B
20240229;105110;197.7;10;9725968572;S
20240229;105113;197.88;40;9725968843;B
20240229;105113;197.88;20;9725968844;B
20240229;105113;197.88;10;9725968845;B
20240229;105113;197.88;50;9725968846;B
20240229;105116;197.88;250;9725969165;S
20240229;105122;197.92;10;9725969698;B
20240229;105130;197.88;20;9725970401;S
20240229;105140;197.92;50;9725971212;B
20240229;105144;197.92;1630;9725971484;B
20240229;105152;197.88;500;9725972110;S
20240229;105153;197.88;610;9725972255;S
20240229;105154;197.8;100;9725972424;S
20240229;105154;197.78;90;9725972425;S
20240229;105154;197.78;30;9725972500;S
20240229;105154;197.78;360;9725972512;S
20240229;105155;197.72;10;9725972775;S
20240229;105155;197.72;960;9725972776;S
20240229;105156;197.7;60;9725972998;S
20240229;105156;197.7;240;9725973006;S
20240229;105156;197.7;300;9725973102;S
20240229;105156;197.7;300;9725973187;S
20240229;105156;197.7;100;9725973232;S
20240229;105156;197.64;30;9725973297;S
20240229;105156;197.64;10;9725973298;S
20240229;105156;197.6;10;9725973383;S
20240229;105156;197.6;40;9725973384;S
20240229;105156;197.58;120;9725973385;S
20240229;105156;197.54;20;9725973440;S
20240229;105156;197.54;100;9725973441;S
20240229;105156;197.56;110;9725973508;S
20240229;105156;197.54;150;9725973509;S
20240229;105156;197.54;30;9725973510;S
20240229;105159;197.58;10;9725973918;B
20240229;105200;197.52;20;9725974317;S
20240229;105200;197.52;20;9725974318;S
20240229;105200;197.52;50;9725974319;S
20240229;105214;197.6;10;9725975745;B
20240229;105225;197.64;10;9725976710;B
20240229;105226;197.56;10;9725976801;S
20240229;105226;197.54;50;9725976802;S
20240229;105226;197.52;790;9725976803;S
20240229;105226;197.52;10;9725976804;S
20240229;105226;197.5;700;9725976805;S
20240229;105228;197.58;20;9725977093;B
20240229;105231;197.5;30;9725977255;S
20240229;105248;197.5;30;9725979335;S
20240229;105249;197.58;90;9725979482;B
20240229;105249;197.58;50;9725979483;B
20240229;105249;197.6;50;9725979484;B
20240229;105249;197.62;500;9725979485;B
20240229;105249;197.7;560;9725979486;B
20240229;105254;197.58;80;9725979914;S
20240229;105316;197.62;10;9725982004;B
20240229;105352;197.62;10;9725985206;B
20240229;105354;197.62;10;9725985323;B
20240229;105404;197.62;10;9725986454;B
20240229;105411;197.52;10;9725987138;S
20240229;105411;197.52;70;9725987139;S
20240229;105413;197.52;30;9725987341;S
20240229;105413;197.5;380;9725987342;S
20240229;105420;197.58;50;9725987762;B
20240229;105420;197.58;100;9725987763;B
20240229;105435;197.5;30;9725988937;S
20240229;105435;197.52;210;9725989003;S
20240229;105436;197.5;720;9725989262;S
20240229;105441;197.54;50;9725989731;B
20240229;105441;197.5;20;9725989785;S
20240229;105441;197.5;190;9725989786;S
20240229;105441;197.5;90;9725989842;S
20240229;105441;197.5;20;9725989989;S
20240229;105441;197.5;30;9725989990;S
20240229;105441;197.5;20;9725989991;S
20240229;105441;197.5;10;9725989992;S
20240229;105442;197.5;20;9725990040;S
20240229;105442;197.5;10;9725990041;S
20240229;105443;197.5;30;9725990183;S
20240229;105445;197.56;20;9725990411;B
20240229;105446;197.5;120;9725990465;S
20240229;105447;197.5;30;9725990618;S
20240229;105450;197.54;10;9725991152;S
20240229;105454;197.5;30;9725991437;S
20240229;105455;197.58;90;9725991618;B
20240229;105455;197.58;500;9725991619;B
20240229;105456;197.64;10;9725991739;B
20240229;105457;197.52;10;9725991817;S
20240229;105457;197.52;80;9725991818;S
20240229;105457;197.5;280;9725991819;S
20240229;105457;197.5;10;9725991820;S
20240229;105504;197.44;30;9725992608;S
20240229;105504;197.42;1090;9725992637;S
20240229;105504;197.4;10;9725992655;S
20240229;105504;197.4;20;9725992656;S
20240229;105504;197.4;250;9725992720;S
20240229;105505;197.4;30;9725992796;S
20240229;105507;197.4;60;9725993155;S
20240229;105507;197.4;30;9725993239;S
20240229;105511;197.44;40;9725993654;B
20240229;105525;197.4;50;9725995020;S
20240229;105529;197.4;1000;9725995474;S
20240229;105531;197.4;100;9725995652;S
20240229;105531;197.4;10;9725995664;S
20240229;105532;197.4;630;9725995742;S
20240229;105543;197.4;300;9725997412;S
20240229;105548;197.42;10;9725998109;S
20240229;105550;197.4;2540;9725998278;S
20240229;105550;197.4;10;9725998279;S
20240229;105550;197.4;1250;9725998280;S
20240229;105550;197.4;10;9725998281;S
20240229;105550;197.4;100;9725998282;S
20240229;105556;197.38;40;9725998725;S
20240229;105556;197.34;10;9725998778;S
20240229;105556;197.34;10;9725998779;S
20240229;105556;197.32;10;9725998780;S
20240229;105600;197.3;100;9725999117;S
20240229;105600;197.3;20;9725999118;S
20240229;105601;197.3;10;9725999126;S
20240229;105601;197.3;10;9725999127;S
20240229;105601;197.3;90;9725999164;S
20240229;105601;197.3;10;9725999165;S
20240229;105601;197.38;10;9725999176;B
20240229;105602;197.3;20;9725999188;S
20240229;105602;197.3;50;9725999189;S
20240229;105602;197.3;200;9725999190;S
20240229;105605;197.3;10;9725999410;S
20240229;105615;197.3;10;9726000210;S
20240229;105633;197.36;60;9726001409;B
20240229;105633;197.38;40;9726001410;B
20240229;105636;197.4;30;9726001697;B
20240229;105637;197.4;20;9726001766;B
20240229;105721;197.38;10;9726005427;S
20240229;105721;197.34;40;9726005428;S
20240229;105725;197.42;70;9726005812;B
20240229;105725;197.44;30;9726005813;B
20240229;105730;197.42;70;9726006247;B
20240229;105740;197.44;10;9726007096;B
20240229;105744;197.34;10;9726007445;S
20240229;105744;197.34;90;9726007446;S
20240229;105748;197.3;30;9726007761;S
20240229;105754;197.3;10;9726008204;S
20240229;105754;197.34;10;9726008217;B
20240229;105755;197.34;20;9726008221;B
20240229;105755;197.34;100;9726008230;B
20240229;105758;197.3;50;9726008462;S
20240229;105803;197.34;10;9726009050;B
20240229;105811;197.34;90;9726009649;B
20240229;105813;197.32;60;9726009875;S
20240229;105813;197.3;30;9726009876;S
20240229;105815;197.34;10;9726010043;B
20240229;105821;197.34;2250;9726010505;B
20240229;105823;197.34;10;9726010643;B
20240229;105823;197.34;200;9726010648;B
20240229;105831;197.34;110;9726011668;B
20240229;105834;197.32;120;9726011853;S
20240229;105834;197.34;10;9726011865;B
20240229;105837;197.32;500;9726012181;S
20240229;105842;197.34;50;9726012826;B
20240229;105846;197.34;100;9726013283;B
20240229;105852;197.34;30;9726013836;B
20240229;105921;197.46;20;9726016323;B
20240229;105921;197.46;80;9726016324;B
20240229;105921;197.48;900;9726016325;B
20240229;105921;197.36;10;9726016354;S
20240229;105935;197.36;80;9726017350;S
20240229;105935;197.36;60;9726017351;S
20240229;105935;197.34;300;9726017352;S
20240229;105935;197.34;560;9726017386;B
20240229;105946;197.48;10;9726018267;B
20240229;105957;197.48;10;9726019360;B
20240229;110000;197.44;10;9726019601;S
20240229;110000;197.44;120;9726019631;S
20240229;110000;197.44;10;9726019673;S
20240229;110000;197.44;80;9726019709;S
20240229;110000;197.44;20;9726019786;S
20240229;110007;197.46;10;9726020721;B
20240229;110038;197.44;280;9726026121;S
20240229;110041;197.44;30;9726026618;S
20240229;110048;197.48;60;9726027621;B
20240229;110051;197.48;1000;9726028848;B
20240229;110056;197.48;20;9726031050;B
20240229;110056;197.48;10;9726031051;B
20240229;110103;197.5;20;9726035021;B
20240229;110103;197.48;20;9726035049;S
20240229;110112;197.48;40;9726039174;S
20240229;110123;197.48;10;9726045206;S
20240229;110127;197.48;10;9726047122;S
20240229;110130;197.5;10;9726048738;B
20240229;110145;197.5;500;9726056588;B
20240229;110145;197.5;90;9726056870;B
20240229;110145;197.5;90;9726056871;B
20240229;110145;197.5;10;9726056872;B
20240229;110234;197.52;30;9726088260;S
20240229;110234;197.62;10;9726088273;B
20240229;110234;197.64;450;9726088286;B
20240229;110240;197.64;50;9726092909;B
20240229;110242;197.64;810;9726094879;B
20240229;110242;197.66;10;9726094880;B
20240229;110242;197.68;60;9726094881;B
20240229;110242;197.68;620;9726094882;B
20240229;110302;197.68;10;9726109678;B
20240229;110308;197.68;10;9726113779;B
20240229;110310;197.68;20;9726115529;B
20240229;110313;197.68;800;9726116822;B
20240229;110313;197.7;900;9726116823;B
20240229;110313;197.7;220;9726116824;B
20240229;110313;197.7;60;9726116825;B
20240229;110313;197.74;20;9726116826;B
20240229;110313;197.74;220;9726116859;B
20240229;110313;197.74;20;9726116860;B
20240229;110313;197.76;60;9726116861;B
20240229;110317;197.68;130;9726120341;S
20240229;110317;197.66;130;9726120342;S
20240229;110318;197.74;10;9726121325;B
20240229;110320;197.6;570;9726122957;S
20240229;110331;197.72;10;9726130714;B
20240229;110345;197.54;100;9726141860;S
20240229;110346;197.5;80;9726142819;S
20240229;110349;197.62;60;9726144882;B
20240229;110349;197.62;110;9726144883;B
20240229;110349;197.64;90;9726144884;B
20240229;110406;197.62;10;9726157703;B
20240229;110410;197.62;50;9726160586;B
20240229;110414;197.62;610;9726163335;B
20240229;110417;197.62;340;9726165990;B
20240229;110417;197.62;10;9726165991;B
20240229;110417;197.64;10;9726165992;B
20240229;110417;197.64;60;9726165993;B
20240229;110417;197.7;30;9726165994;B
20240229;110417;197.7;10;9726165995;B
20240229;110417;197.72;10;9726165996;B
20240229;110417;197.72;530;9726165997;B
20240229;110434;197.74;510;9726179379;B
20240229;110434;197.74;490;9726179380;B
20240229;110444;197.74;100;9726186931;B
20240229;110446;197.74;1260;9726188117;B
20240229;110446;197.76;190;9726188118;B
20240229;110446;197.8;10;9726188119;B
20240229;110446;197.8;150;9726188120;B
20240229;110446;197.82;100;9726188121;B
20240229;110446;197.82;100;9726188122;B
20240229;110446;197.84;130;9726188123;B
20240229;110446;197.84;60;9726188124;B
20240229;110446;197.78;510;9726188159;B
20240229;110446;197.8;580;9726188160;B
20240229;110447;197.8;680;9726188602;B
20240229;110447;197.82;80;9726188603;B
20240229;110457;197.86;510;9726195652;B
20240229;110457;197.88;1490;9726195653;B
20240229;110506;197.86;20;9726201588;B
20240229;110506;197.88;190;9726201589;B
20240229;110506;197.88;510;9726201590;B
20240229;110506;197.9;50;9726201591;B
20240229;110506;197.9;1230;9726201592;B
20240229;110508;197.92;20;9726203198;B
20240229;110513;197.82;60;9726205953;S
20240229;110514;197.88;10;9726207134;B
20240229;110514;197.88;10;9726207148;B
20240229;110523;197.82;40;9726212540;S
20240229;110523;197.82;110;9726212541;S
20240229;110523;197.82;1000;9726212555;S
20240229;110534;197.78;1840;9726220349;S
20240229;110534;197.78;160;9726220350;S
20240229;110536;197.84;160;9726221394;B
20240229;110536;197.84;60;9726221395;B
20240229;110536;197.84;510;9726221396;B
20240229;110536;197.86;1000;9726221397;B
20240229;110536;197.88;280;9726221398;B
20240229;110536;197.9;1260;9726221399;B
20240229;110536;197.94;1530;9726221400;B
20240229;110536;197.94;200;9726221401;B
20240229;110542;197.88;20;9726225641;B
20240229;110602;197.78;30;9726239350;S
20240229;110604;197.78;30;9726240898;S
20240229;110612;197.78;30;9726246671;S
20240229;110629;197.8;30;9726259882;S
20240229;110635;197.8;30;9726264478;S
20240229;110646;197.8;30;9726273292;S
20240229;110655;197.84;70;9726279955;B
20240229;110655;197.86;210;9726279956;B
20240229;110655;197.88;510;9726279957;B
20240229;110655;197.88;500;9726279958;B
20240229;110655;197.88;20;9726279959;B
20240229;110655;197.9;270;9726279960;B
20240229;110655;197.9;420;9726279961;B
20240229;110704;197.9;30;9726287222;B
20240229;110706;197.86;20;9726288440;S
20240229;110706;197.86;10;9726288441;S
20240229;110706;197.84;250;9726288442;S
20240229;110706;197.9;10;9726288752;S
20240229;110713;197.84;120;9726294068;S
20240229;110718;197.84;20;9726297521;S
20240229;110720;197.84;30;9726299372;S
20240229;110725;197.8;10;9726302851;S
20240229;110725;197.8;10;9726302852;S
20240229;110725;197.8;40;9726302853;S
20240229;110725;197.8;70;9726303221;S
20240229;110726;197.76;190;9726303966;S
20240229;110727;197.84;40;9726304858;B
20240229;110737;197.78;30;9726313113;S
20240229;110750;197.82;10;9726323735;B
20240229;110801;197.76;40;9726332889;S
20240229;110814;197.88;70;9726343198;B
20240229;110814;197.88;80;9726343199;B
20240229;110814;197.9;510;9726343200;B
20240229;110814;197.9;840;9726343201;B
20240229;110821;197.9;10;9726348958;B
20240229;110824;197.9;20;9726351591;B
20240229;110832;197.9;10;9726357485;B
20240229;110838;197.84;50;9726362001;B
20240229;110846;197.84;10;9726368580;B
20240229;110853;197.78;10;9726373778;B
20240229;110856;197.76;1350;9726375606;S
20240229;110905;197.8;50;9726382395;B
20240229;110905;197.82;1530;9726382396;B
20240229;110905;197.82;70;9726382397;B
20240229;110905;197.84;290;9726382398;B
20240229;110905;197.84;500;9726382399;B
20240229;110905;197.86;510;9726382400;B
20240229;110905;197.86;550;9726382401;B
20240229;110909;197.78;50;9726384544;S
20240229;110914;197.78;100;9726387725;S
20240229;110931;197.76;2560;9726398866;S
20240229;110936;197.76;10;9726402993;S
20240229;110940;197.8;250;9726405588;B
20240229;110949;197.8;350;9726412364;B
20240229;110949;197.84;50;9726412365;B
20240229;110949;197.84;140;9726412366;B
20240229;110949;197.86;510;9726412367;B
20240229;110949;197.86;1310;9726412368;B
20240229;110949;197.86;1530;9726412369;B
20240229;110949;197.88;1110;9726412370;B
20240229;110954;197.86;250;9726416589;B
20240229;110955;197.86;260;9726417331;B
20240229;110955;197.86;70;9726417332;B
20240229;110955;197.88;3890;9726417333;B
20240229;110955;197.94;280;9726417334;B
20240229;110956;197.86;250;9726418139;S
20240229;110958;197.96;310;9726419127;B
20240229;110958;197.96;70;9726419128;B
20240229;110958;197.96;120;9726419822;B
20240229;111022;197.98;120;9726436763;B
20240229;111027;197.98;2000;9726440205;B
20240229;111044;197.98;20;9726453743;B
20240229;111046;197.98;240;9726454834;B
20240229;111047;197.98;10;9726456321;B
20240229;111059;197.98;20;9726464964;B
20240229;111101;197.96;10;9726466508;S
20240229;111102;197.94;30;9726467475;S
20240229;111105;197.96;40;9726469787;B
20240229;111117;197.96;450;9726478749;B
20240229;111117;197.96;520;9726478750;B
20240229;111117;197.98;110;9726478751;B
20240229;111117;197.98;1000;9726478752;B
20240229;111117;197.98;90;9726478753;B
20240229;111117;198;30;9726478754;B
20240229;111117;198;510;9726478755;B
20240229;111117;198;300;9726478756;B
20240229;111118;197.96;90;9726479340;S
20240229;111118;197.96;10;9726479341;B
20240229;111118;197.96;80;9726479342;B
20240229;111118;198;410;9726479660;B
20240229;111118;198;1120;9726479661;B
20240229;111118;198;500;9726479662;B
20240229;111118;198;20;9726479663;B
20240229;111118;198;50;9726479664;B
20240229;111118;198;120;9726479665;B
20240229;111118;198;30;9726479666;B
20240229;111118;198.04;10;9726479667;B
20240229;111118;198.04;40;9726479668;B
20240229;111119;198.06;40;9726480625;B
20240229;111125;198.08;10;9726485428;B
20240229;111125;198.08;20;9726485429;B
20240229;111126;198.08;30;9726485684;B
20240229;111126;198.08;530;9726485897;B
20240229;111126;198.08;50;9726485898;B
20240229;111129;198.08;50;9726488416;S
20240229;111136;198.1;10;9726493933;B
20240229;111139;198.1;30;9726496477;B
20240229;111139;198.1;10;9726496478;B
20240229;111139;198.1;10;9726496479;B
20240229;111139;198.1;1950;9726496480;B
20240229;111146;198.1;190;9726502233;B
20240229;111147;198.1;1210;9726502915;B
20240229;111147;198.1;240;9726502916;B
20240229;111147;198.1;10;9726502917;B
20240229;111147;198.1;20;9726502918;B
20240229;111147;198.1;20;9726502919;B
20240229;111147;198.1;3000;9726502920;B
20240229;111147;198.12;20;9726502921;B
20240229;111147;198.18;10;9726502941;B
20240229;111148;198.2;80;9726502947;B
20240229;111148;198.16;50;9726503050;B
20240229;111148;198.12;10;9726503495;S
20240229;111148;198.14;10;9726503573;B
20240229;111148;198.18;500;9726503607;B
20240229;111148;198.18;70;9726503614;B
20240229;111148;198.2;170;9726503615;B
20240229;111148;198.2;10;9726503616;B
20240229;111150;198.14;10;9726504637;S
20240229;111150;198.14;40;9726505362;S
20240229;111150;198.14;30;9726505363;S
20240229;111153;198.16;20;9726507500;S
20240229;111153;198.16;10;9726507501;S
20240229;111153;198.16;20;9726507502;S
20240229;111154;198.2;10;9726507780;B
20240229;111154;198.2;110;9726507781;B
20240229;111154;198.2;180;9726507782;B
20240229;111202;198.18;10;9726513654;B
20240229;111202;198.2;70;9726513655;B
20240229;111202;198.22;20;9726513656;B
20240229;111203;198.2;10;9726514260;S
20240229;111204;198.22;50;9726514994;B
20240229;111211;198.22;50;9726518654;B
20240229;111211;198.22;500;9726518868;B
20240229;111215;198.2;80;9726521297;S
20240229;111219;198.2;400;9726524275;B
20240229;111223;198.2;20;9726526987;B
20240229;111223;198.2;30;9726526988;B
20240229;111231;198.16;30;9726532055;S
20240229;111231;198.18;90;9726532138;S
20240229;111231;198.14;410;9726532439;S
20240229;111233;198.2;10;9726534039;B
20240229;111233;198.2;10;9726534040;B
20240229;111233;198.2;10;9726534041;B
20240229;111234;198.16;50;9726534633;S
20240229;111235;198.16;20;9726535319;S
20240229;111236;198.2;20;9726536126;B
20240229;111239;198.18;200;9726537853;S
20240229;111245;198.18;240;9726541925;S
20240229;111245;198.18;20;9726541966;S
20240229;111245;198.12;10;9726542502;S
20240229;111245;198.12;10;9726542503;S
20240229;111245;198.12;20;9726542504;S
20240229;111246;198.14;30;9726542833;S
20240229;111251;198.18;10;9726546102;B
20240229;111252;198.2;30;9726546851;B
20240229;111255;198.14;90;9726548681;S
20240229;111257;198.14;410;9726550292;S
20240229;111300;198.14;90;9726552323;B
20240229;111300;198.14;90;9726552324;B
20240229;111300;198.14;10;9726552399;S
20240229;111300;198.16;1260;9726552666;B
20240229;111300;198.18;20;9726552667;B
20240229;111300;198.18;90;9726552668;B
20240229;111300;198.2;50;9726552669;B
20240229;111300;198.22;150;9726552670;B
20240229;111300;198.22;1140;9726552671;B
20240229;111300;198.22;30;9726552672;B
20240229;111300;198.22;1260;9726552673;B
20240229;111303;198.18;500;9726554483;B
20240229;111312;198.22;240;9726560041;B
20240229;111312;198.22;500;9726560042;B
20240229;111312;198.22;90;9726560043;B
20240229;111312;198.22;170;9726560044;B
20240229;111313;198.22;30;9726560368;B
20240229;111320;198.24;10;9726566921;B
20240229;111320;198.24;10;9726567108;B
20240229;111321;198.22;40;9726567325;S
20240229;111324;198.24;20;9726569639;B
20240229;111324;198.24;90;9726569640;B
20240229;111324;198.24;20;9726569647;S
20240229;111327;198.24;20;9726572445;S
20240229;111330;198.26;50;9726574217;B
20240229;111331;198.24;160;9726575367;S
20240229;111332;198.24;10;9726576282;S
20240229;111334;198.24;10;9726577382;S
20240229;111335;198.24;10;9726578209;S
20240229;111335;198.24;10;9726578210;S
20240229;111337;198.24;10;9726579992;S
20240229;111337;198.24;10;9726580212;S
20240229;111337;198.24;10;9726580213;S
20240229;111339;198.24;10;9726581188;S
20240229;111339;198.24;10;9726581189;S
20240229;111340;198.24;10;9726582374;S
20240229;111340;198.24;10;9726582375;S
20240229;111343;198.26;20;9726584551;B
20240229;111343;198.24;10;9726584670;S
20240229;111349;198.24;10;9726589158;S
20240229;111349;198.24;10;9726589159;S
20240229;111353;198.24;20;9726591559;S
20240229;111353;198.24;10;9726591560;S
20240229;111353;198.24;10;9726591563;S
20240229;111353;198.24;10;9726591806;S
20240229;111356;198.24;500;9726594414;B
20240229;111356;198.24;70;9726594419;B
20240229;111356;198.22;10;9726594441;S
20240229;111358;198.22;10;9726595696;S
20240229;111400;198.22;10;9726596918;S
20240229;111400;198.22;10;9726596919;S
20240229;111401;198.24;420;9726598091;B
20240229;111401;198.24;950;9726598092;B
20240229;111402;198.22;10;9726598440;S
20240229;111402;198.22;10;9726598757;S
20240229;111404;198.22;20;9726599935;S
20240229;111407;198.2;10;9726602387;S
20240229;111415;198.24;50;9726607962;B
20240229;111415;198.24;80;9726607963;B
20240229;111415;198.24;20;9726607964;B
20240229;111415;198.24;20;9726607965;B
20240229;111415;198.24;20;9726607966;B
20240229;111415;198.24;20;9726607967;B
20240229;111415;198.24;20;9726607968;B
20240229;111415;198.26;130;9726607969;B
20240229;111415;198.26;40;9726607970;B
20240229;111415;198.26;20;9726607971;B
20240229;111415;198.26;600;9726607972;B
20240229;111420;198.26;20;9726612135;B
20240229;111421;198.26;10;9726613029;B
20240229;111429;198.26;80;9726619283;B
20240229;111429;198.26;20;9726619284;B
20240229;111431;198.22;10;9726620901;S
20240229;111433;198.26;20;9726622561;B
20240229;111433;198.26;80;9726622562;B
20240229;111433;198.28;40;9726622563;B
20240229;111433;198.28;10;9726622564;B
20240229;111433;198.28;650;9726622565;B
20240229;111444;198.26;10;9726631881;B
20240229;111446;198.22;10;9726634056;S
20240229;111453;198.26;120;9726640374;B
20240229;111453;198.26;80;9726640375;B
20240229;111453;198.26;80;9726640376;B
20240229;111453;198.28;510;9726640377;B
20240229;111453;198.28;40;9726640378;B
20240229;111453;198.28;250;9726640379;B
20240229;111453;198.28;1530;9726640380;B
20240229;111453;198.3;20;9726640381;B
20240229;111453;198.3;100;9726640382;B
20240229;111453;198.3;20;9726640383;B
20240229;111500;198.3;40;9726645503;B
20240229;111504;198.22;10;9726649285;S
20240229;111504;198.22;120;9726649423;S
20240229;111504;198.22;90;9726649424;S
20240229;111504;198.2;30;9726649425;S
20240229;111504;198.2;50;9726649426;S
20240229;111504;198.2;10;9726649427;S
20240229;111504;198.2;70;9726649428;S
20240229;111504;198.2;200;9726649429;S
20240229;111506;198.2;20;9726650963;B
20240229;111506;198.24;80;9726650964;B
20240229;111506;198.26;70;9726650965;B
20240229;111506;198.28;420;9726650966;B
20240229;111522;198.16;20;9726664553;S
20240229;111525;198.24;20;9726666859;B
20240229;111525;198.26;10;9726666860;B
20240229;111525;198.26;70;9726666861;B
20240229;111525;198.28;10;9726666862;B
20240229;111525;198.28;500;9726666863;B
20240229;111525;198.28;100;9726666864;B
20240229;111525;198.3;200;9726666865;B
20240229;111525;198.3;200;9726666866;B
20240229;111525;198.3;30;9726666867;B
20240229;111525;198.3;70;9726666868;B
20240229;111525;198.3;1530;9726666869;B
20240229;111525;198.32;3620;9726666870;B
20240229;111525;198.32;30;9726666871;B
20240229;111525;198.34;10;9726666872;B
20240229;111525;198.34;30;9726666873;B
20240229;111525;198.34;100;9726666874;B
20240229;111525;198.34;1000;9726666875;B
20240229;111525;198.34;50;9726666876;B
20240229;111525;198.36;2300;9726666877;B
20240229;111525;198.36;10;9726666878;B
20240229;111525;198.36;10;9726666879;B
20240229;111525;198.36;1260;9726666880;B
20240229;111525;198.38;500;9726666881;B
20240229;111525;198.38;10;9726666882;B
20240229;111525;198.38;10;9726666883;B
20240229;111525;198.38;10;9726666884;B
20240229;111525;198.38;10;9726666885;B
20240229;111525;198.4;20;9726666886;B
20240229;111525;198.4;60;9726666887;B
