<DATE>;<TIME>;<LAST>;<VOL>;<ID>;<OPER>
20240118;095950;198.940000000;30;9428037143;S
20240118;095950;198.940000000;50;9428037144;S
20240118;095950;198.940000000;10;9428037145;S
20240118;095950;198.940000000;20;9428037146;S
20240118;095950;198.940000000;10;9428037147;S
20240118;095950;198.940000000;10;9428037148;S
20240118;095950;198.940000000;10;9428037149;S
20240118;095950;198.940000000;10;9428037150;S
20240118;095950;198.940000000;20;9428037151;S
20240118;095950;198.940000000;50;9428037152;S
20240118;095950;198.940000000;50;9428037153;B
20240118;095950;198.940000000;100;9428037154;B
20240118;095950;198.940000000;70;9428037155;B
20240118;095950;198.940000000;50;9428037156;B
20240118;095950;198.940000000;300;9428037157;B
20240118;095950;198.940000000;50;9428037158;B
20240118;095950;198.940000000;50;9428037159;B
20240118;095950;198.940000000;130;9428037160;B
20240118;095950;198.940000000;10;9428037161;B
20240118;095950;198.940000000;10;9428037162;B
20240118;095950;198.940000000;20;9428037163;B
20240118;095950;198.940000000;10;9428037164;B
20240118;095950;198.940000000;20;9428037165;B
20240118;095950;198.940000000;20;9428037166;B
20240118;095950;198.940000000;10;9428037167;B
20240118;095950;198.940000000;20;9428037168;B
20240118;095950;198.940000000;110;9428037169;B
20240118;095950;198.940000000;100;9428037170;B
20240118;095950;198.940000000;40;9428037171;B
20240118;095950;198.940000000;30;9428037172;B
20240118;095950;198.940000000;10;9428037173;S
20240118;095950;198.940000000;40;9428037174;B
20240118;095950;198.940000000;10;9428037175;B
20240118;095950;198.940000000;10;9428037176;B
20240118;095950;198.940000000;30;9428037177;B
20240118;095950;198.940000000;40;9428037178;B
20240118;095950;198.940000000;50;9428037179;S
20240118;100004;198.920000000;10;9428042134;B
20240118;100004;198.860000000;80;9428042275;S
20240118;100005;198.840000000;40;9428043123;S
20240118;100005;198.840000000;10;9428043127;S
20240118;100005;198.840000000;10;9428043241;S
20240118;100006;198.820000000;10;9428044541;S
20240118;100006;198.920000000;1140;9428044577;B
20240118;100006;198.820000000;100;9428044627;S
20240118;100006;198.860000000;20;9428044937;S
20240118;100006;198.940000000;30;9428044938;B
20240118;100006;198.880000000;20;9428045207;S
20240118;100007;198.900000000;30;9428045469;B
20240118;100007;198.900000000;10;9428045479;B
20240118;100008;198.940000000;10;9428046035;B
20240118;100010;198.920000000;20;9428046967;B
20240118;100013;198.840000000;350;9428047695;S
20240118;100013;198.820000000;3390;9428047696;S
20240118;100013;198.740000000;510;9428047697;S
20240118;100013;198.740000000;750;9428047698;S
20240118;100016;198.820000000;30;9428048495;B
20240118;100017;198.680000000;20;9428048656;S
20240118;100019;198.680000000;10;9428049130;S
20240118;100019;198.680000000;1140;9428049131;S
20240118;100026;198.680000000;20;9428050407;S
20240118;100059;198.900000000;100;9428056902;B
20240118;100059;198.900000000;490;9428056984;B
20240118;100112;198.920000000;80;9428059054;B
20240118;100112;198.940000000;120;9428059055;B
20240118;100126;198.940000000;2780;9428061350;B
20240118;100126;198.940000000;500;9428061351;B
20240118;100126;199.000000000;10;9428061416;B
20240118;100126;199.000000000;100;9428061417;B
20240118;100126;199.000000000;100;9428061418;B
20240118;100126;199.000000000;300;9428061419;B
20240118;100127;199.000000000;70;9428061515;S
20240118;100127;199.000000000;430;9428061516;B
20240118;100127;199.020000000;100;9428061536;S
20240118;100127;199.020000000;10;9428061558;S
20240118;100129;199.060000000;50;9428061970;B
20240118;100132;199.140000000;100;9428062360;B
20240118;100132;199.140000000;10;9428062361;B
20240118;100132;199.140000000;890;9428062362;B
20240118;100132;199.100000000;80;9428062482;S
20240118;100132;199.100000000;50;9428062483;S
20240118;100133;199.140000000;300;9428062574;B
20240118;100135;199.140000000;10;9428062817;B
20240118;100135;199.120000000;100;9428062900;S
20240118;100135;199.140000000;390;9428062902;B
20240118;100135;199.140000000;410;9428062903;B
20240118;100135;199.140000000;50;9428062904;B
20240118;100139;199.160000000;300;9428063340;B
20240118;100140;199.120000000;30;9428063578;S
20240118;100141;199.160000000;700;9428063598;B
20240118;100144;199.160000000;300;9428064110;S
20240118;100144;199.160000000;200;9428064111;B
20240118;100145;199.200000000;10;9428064227;B
20240118;100145;199.200000000;30;9428064228;B
20240118;100148;199.160000000;10;9428064658;S
20240118;100151;199.200000000;10;9428065103;B
20240118;100151;199.200000000;290;9428065104;B
20240118;100152;199.200000000;10;9428065440;B
20240118;100153;199.160000000;60;9428065683;S
20240118;100201;199.200000000;180;9428067308;B
20240118;100206;199.200000000;1260;9428068520;B
20240118;100206;199.200000000;100;9428068521;B
20240118;100206;199.200000000;10;9428068522;B
20240118;100213;199.160000000;10;9428069482;S
20240118;100222;199.200000000;50;9428070743;B
20240118;100223;199.180000000;10;9428070882;S
20240118;100223;199.180000000;500;9428070883;S
20240118;100223;199.180000000;180;9428070884;S
20240118;100223;199.180000000;10;9428070885;S
20240118;100223;199.180000000;190;9428070886;S
20240118;100223;199.180000000;10;9428070914;B
20240118;100223;199.180000000;10;9428070915;B
20240118;100225;199.160000000;10;9428071390;S
20240118;100226;199.160000000;20;9428071500;S
20240118;100227;199.160000000;250;9428071636;S
20240118;100239;199.160000000;300;9428073225;S
20240118;100240;199.160000000;100;9428073356;S
20240118;100243;199.160000000;100;9428073833;S
20240118;100243;199.160000000;10;9428073834;S
20240118;100244;199.180000000;30;9428073946;B
20240118;100244;199.160000000;20;9428073950;S
20240118;100247;199.160000000;10;9428074389;S
20240118;100248;199.180000000;30;9428074507;B
20240118;100251;199.180000000;30;9428075215;B
20240118;100251;199.180000000;50;9428075216;B
20240118;100253;199.180000000;100;9428075397;B
20240118;100256;199.160000000;30;9428075960;S
20240118;100256;199.160000000;10;9428075961;S
20240118;100256;199.160000000;260;9428075962;S
20240118;100257;199.160000000;240;9428076056;S
20240118;100257;199.160000000;480;9428076057;S
20240118;100301;199.140000000;60;9428076748;S
20240118;100302;199.180000000;760;9428076877;B
20240118;100305;199.160000000;10;9428077432;S
20240118;100306;199.180000000;200;9428077602;B
20240118;100306;199.180000000;30;9428077603;B
20240118;100307;199.140000000;40;9428077724;S
20240118;100308;199.200000000;440;9428077941;B
20240118;100308;199.200000000;160;9428077942;B
20240118;100308;199.200000000;500;9428077943;B
20240118;100308;199.200000000;10;9428077944;B
20240118;100308;199.220000000;10;9428077945;B
20240118;100308;199.220000000;710;9428077946;B
20240118;100308;199.280000000;1000;9428077947;B
20240118;100308;199.300000000;40;9428077948;B
20240118;100308;199.300000000;20;9428077949;B
20240118;100308;199.340000000;100;9428077950;B
20240118;100308;199.340000000;1010;9428077951;B
20240118;100309;199.360000000;50;9428077995;B
20240118;100311;199.300000000;10;9428078336;B
20240118;100320;199.340000000;10;9428079687;B
20240118;100323;199.220000000;20;9428080181;S
20240118;100328;199.220000000;20;9428080990;S
20240118;100339;199.220000000;70;9428082492;S
20240118;100339;199.220000000;30;9428082493;S
20240118;100339;199.280000000;600;9428082554;B
20240118;100339;199.280000000;100;9428082555;B
20240118;100339;199.280000000;300;9428082556;S
20240118;100344;199.280000000;50;9428083215;B
20240118;100344;199.320000000;110;9428083216;B
20240118;100346;199.240000000;60;9428083353;S
20240118;100346;199.240000000;10;9428083354;S
20240118;100358;199.220000000;100;9428084810;S
20240118;100403;199.280000000;30;9428085390;B
20240118;100403;199.220000000;500;9428085391;S
20240118;100404;199.280000000;50;9428085516;B
20240118;100405;199.280000000;230;9428085641;B
20240118;100410;199.220000000;20;9428086343;S
20240118;100417;199.220000000;180;9428087285;S
20240118;100417;199.220000000;320;9428087286;S
20240118;100424;199.260000000;490;9428088283;B
20240118;100424;199.220000000;70;9428088289;S
20240118;100426;199.220000000;110;9428088473;S
20240118;100426;199.220000000;130;9428088474;S
20240118;100428;199.260000000;200;9428088730;B
20240118;100431;199.220000000;120;9428089145;S
20240118;100431;199.220000000;90;9428089146;S
20240118;100431;199.260000000;30;9428089177;B
20240118;100431;199.280000000;70;9428089178;B
20240118;100434;199.260000000;50;9428089490;B
20240118;100436;199.200000000;50;9428089711;S
20240118;100436;199.200000000;270;9428089712;S
20240118;100436;199.200000000;500;9428089713;S
20240118;100437;199.200000000;100;9428089856;B
20240118;100438;199.180000000;80;9428090028;S
20240118;100438;199.180000000;100;9428090029;S
20240118;100448;199.160000000;70;9428091385;B
20240118;100448;199.180000000;510;9428091386;B
20240118;100448;199.180000000;130;9428091387;B
20240118;100448;199.200000000;290;9428091388;B
20240118;100451;199.100000000;10;9428091758;S
20240118;100453;199.160000000;30;9428092082;B
20240118;100454;199.160000000;100;9428092250;B
20240118;100454;199.180000000;510;9428092251;B
20240118;100454;199.180000000;210;9428092252;B
20240118;100454;199.180000000;580;9428092253;S
20240118;100456;199.080000000;10;9428092546;S
20240118;100457;199.080000000;40;9428092598;S
20240118;100457;199.080000000;500;9428092599;S
20240118;100457;199.060000000;30;9428092600;S
20240118;100458;199.060000000;70;9428092733;B
20240118;100458;199.080000000;510;9428092734;B
20240118;100458;199.100000000;2000;9428092735;B
20240118;100458;199.160000000;510;9428092736;B
20240118;100458;199.180000000;100;9428092737;B
20240118;100458;199.180000000;100;9428092738;B
20240118;100458;199.180000000;110;9428092739;B
20240118;100458;199.180000000;490;9428092740;B
20240118;100458;199.180000000;1800;9428092741;B
20240118;100458;199.180000000;1310;9428092742;S
20240118;100501;199.100000000;10;9428093160;S
20240118;100508;199.100000000;40;9428094227;S
20240118;100508;199.100000000;50;9428094228;S
20240118;100522;199.020000000;100;9428096118;B
20240118;100522;199.020000000;20;9428096119;B
20240118;100530;199.000000000;10;9428097404;S
20240118;100530;199.000000000;10;9428097405;S
20240118;100530;199.000000000;20;9428097406;S
20240118;100530;199.000000000;300;9428097407;S
20240118;100530;199.000000000;150;9428097510;S
20240118;100531;199.000000000;290;9428097636;S
20240118;100531;199.000000000;100;9428097709;S
20240118;100532;199.000000000;160;9428097760;S
20240118;100532;199.000000000;30;9428097761;S
20240118;100536;198.960000000;100;9428098623;B
20240118;100536;198.980000000;450;9428098624;B
20240118;100540;198.960000000;610;9428099048;B
20240118;100540;198.980000000;390;9428099049;B
20240118;100541;198.940000000;50;9428099125;S
20240118;100541;198.900000000;10;9428099126;S
20240118;100541;198.840000000;20;9428099127;S
20240118;100541;198.820000000;260;9428099128;S
20240118;100541;198.800000000;60;9428099129;S
20240118;100556;198.820000000;80;9428101467;S
20240118;100600;198.820000000;50;9428101995;S
20240118;100600;198.820000000;50;9428101996;S
20240118;100600;198.800000000;110;9428101997;S
20240118;100602;198.820000000;60;9428102248;S
20240118;100602;198.820000000;940;9428102249;B
20240118;100605;198.880000000;50;9428102612;S
20240118;100605;198.860000000;510;9428102613;S
20240118;100605;198.840000000;440;9428102614;S
20240118;100613;198.920000000;20;9428103441;B
20240118;100614;198.940000000;50;9428103557;B
20240118;100615;198.920000000;30;9428103612;S
20240118;100617;198.860000000;30;9428103985;S
20240118;100620;198.900000000;20;9428104261;B
20240118;100633;198.880000000;30;9428105745;S
20240118;100641;198.940000000;40;9428106617;B
20240118;100645;198.860000000;50;9428107003;S
20240118;100647;198.840000000;480;9428107288;S
20240118;100650;198.880000000;150;9428107554;B
20240118;100653;198.920000000;30;9428108074;B
20240118;100653;198.860000000;10;9428108100;S
20240118;100701;198.860000000;50;9428108987;S
20240118;100701;198.840000000;180;9428108988;S
20240118;100701;198.840000000;1040;9428108989;S
20240118;100705;198.860000000;250;9428109402;B
20240118;100706;198.860000000;20;9428109504;B
20240118;100706;198.860000000;730;9428109505;B
20240118;100706;198.920000000;10;9428109585;B
20240118;100719;198.900000000;70;9428110975;B
20240118;100720;198.860000000;10;9428111021;S
20240118;100723;198.900000000;30;9428111434;B
20240118;100723;198.920000000;30;9428111440;B
20240118;100724;198.920000000;960;9428111565;B
20240118;100724;198.920000000;40;9428111566;B
20240118;100725;198.860000000;40;9428111627;S
20240118;100734;198.900000000;100;9428112621;B
20240118;100735;198.880000000;50;9428112704;S
20240118;100735;198.880000000;30;9428112705;S
20240118;100735;198.860000000;20;9428112706;S
20240118;100735;198.860000000;80;9428112721;S
20240118;100736;198.860000000;120;9428112765;S
20240118;100736;198.860000000;290;9428112783;S
20240118;100736;198.860000000;510;9428112784;S
20240118;100736;198.840000000;160;9428112785;S
20240118;100736;198.840000000;60;9428112786;S
20240118;100736;198.840000000;20;9428112787;S
20240118;100736;198.840000000;2580;9428112788;S
20240118;100736;198.840000000;50;9428112789;S
20240118;100736;198.820000000;500;9428112790;S
20240118;100736;198.800000000;100;9428112791;S
20240118;100736;198.800000000;710;9428112792;S
20240118;100736;198.780000000;50;9428112793;S
20240118;100736;198.780000000;1250;9428112794;S
20240118;100736;198.740000000;500;9428112795;S
20240118;100736;198.720000000;20;9428112796;S
20240118;100736;198.720000000;500;9428112797;S
20240118;100736;198.700000000;110;9428112798;S
20240118;100736;198.700000000;960;9428112799;S
20240118;100736;198.680000000;2200;9428112800;S
20240118;100736;198.660000000;500;9428112801;S
20240118;100736;198.640000000;20;9428112802;S
20240118;100736;198.620000000;5000;9428112803;S
20240118;100736;198.620000000;500;9428112804;S
20240118;100736;198.600000000;10;9428112805;S
20240118;100736;198.600000000;20;9428112806;S
20240118;100736;198.600000000;3000;9428112807;S
20240118;100736;198.600000000;380;9428112808;S
20240118;100736;198.640000000;50;9428112814;S
20240118;100737;198.680000000;1650;9428112881;S
20240118;100737;198.680000000;510;9428112882;S
20240118;100737;198.680000000;60;9428112883;S
20240118;100739;198.720000000;90;9428113089;S
20240118;100752;198.760000000;120;9428114672;S
20240118;100752;198.760000000;20;9428114673;S
20240118;100752;198.760000000;50;9428114674;S
20240118;100752;198.740000000;490;9428114675;S
20240118;100801;198.780000000;10;9428115688;S
20240118;100801;198.760000000;20;9428115689;S
20240118;100833;198.800000000;10;9428119602;S
20240118;100849;198.800000000;100;9428121351;S
20240118;100859;198.800000000;330;9428122384;S
20240118;100900;198.840000000;50;9428122509;B
20240118;100900;198.860000000;450;9428122510;B
20240118;100904;198.800000000;10;9428122946;S
20240118;100912;198.860000000;50;9428123789;B
20240118;100912;198.860000000;50;9428123790;B
20240118;100912;198.800000000;10;9428123814;S
20240118;100922;198.800000000;10;9428124773;B
20240118;100930;198.780000000;20;9428125458;S
20240118;100931;198.800000000;10;9428125586;B
20240118;100942;198.800000000;10;9428126480;B
20240118;100943;198.800000000;20;9428126635;B
20240118;100948;198.780000000;110;9428127113;S
20240118;100951;198.780000000;870;9428127506;S
20240118;100951;198.780000000;10;9428127507;S
20240118;100951;198.780000000;50;9428127508;S
20240118;100951;198.740000000;180;9428127509;S
20240118;100952;198.740000000;50;9428127671;B
20240118;100952;198.760000000;240;9428127672;B
20240118;100952;198.780000000;20;9428127673;B
20240118;100952;198.800000000;190;9428127674;B
20240118;100954;198.780000000;100;9428127831;S
20240118;100955;198.720000000;970;9428127945;S
20240118;101005;198.720000000;500;9428128900;S
20240118;101005;198.760000000;30;9428128906;B
20240118;101008;198.720000000;190;9428129192;S
20240118;101010;198.720000000;20;9428129357;S
20240118;101014;198.720000000;110;9428129748;S
20240118;101019;198.720000000;20;9428130350;S
20240118;101020;198.720000000;40;9428130386;S
20240118;101040;198.760000000;50;9428132650;B
20240118;101049;198.780000000;10;9428133773;B
20240118;101058;198.780000000;10;9428134795;B
20240118;101113;198.760000000;10;9428136356;S
20240118;101120;198.780000000;200;9428137015;B
20240118;101121;198.760000000;500;9428137187;S
20240118;101128;198.780000000;50;9428137941;B
20240118;101128;198.760000000;160;9428137959;S
20240118;101129;198.780000000;10;9428138045;B
20240118;101131;198.780000000;20;9428138236;B
20240118;101131;198.760000000;60;9428138237;S
20240118;101131;198.760000000;50;9428138238;S
20240118;101138;198.720000000;10;9428138957;S
20240118;101152;198.780000000;10;9428140496;B
20240118;101153;198.740000000;10;9428140561;S
20240118;101153;198.740000000;510;9428140562;S
20240118;101153;198.720000000;720;9428140563;S
20240118;101153;198.720000000;30;9428140564;S
20240118;101153;198.720000000;730;9428140565;S
20240118;101154;198.720000000;80;9428140737;S
20240118;101201;198.780000000;110;9428141540;B
20240118;101207;198.720000000;120;9428142507;S
20240118;101210;198.720000000;570;9428142971;S
20240118;101210;198.720000000;50;9428142972;S
20240118;101210;198.720000000;2700;9428142973;S
20240118;101210;198.720000000;100;9428142974;S
20240118;101210;198.680000000;30;9428142975;S
20240118;101210;198.680000000;20;9428142976;S
20240118;101210;198.700000000;50;9428142977;B
20240118;101210;198.700000000;260;9428142978;B
20240118;101210;198.720000000;1190;9428142979;B
20240118;101210;198.660000000;100;9428142980;S
20240118;101210;198.660000000;300;9428142981;S
20240118;101210;198.660000000;50;9428142982;S
20240118;101210;198.720000000;1500;9428142984;B
20240118;101210;198.720000000;1500;9428142985;B
20240118;101210;198.720000000;1500;9428142986;B
20240118;101210;198.720000000;400;9428142987;B
20240118;101210;198.720000000;1100;9428142988;B
20240118;101211;198.700000000;100;9428143109;B
20240118;101215;198.660000000;50;9428143634;S
20240118;101224;198.660000000;40;9428144307;S
20240118;101232;198.660000000;80;9428145137;S
20240118;101232;198.660000000;30;9428145138;S
20240118;101238;198.660000000;400;9428145734;S
20240118;101239;198.680000000;50;9428145980;B
20240118;101239;198.680000000;220;9428145981;B
20240118;101241;198.680000000;330;9428146143;S
20240118;101241;198.660000000;270;9428146144;S
20240118;101242;198.700000000;100;9428146221;B
20240118;101242;198.700000000;10;9428146222;B
20240118;101242;198.700000000;70;9428146223;B
20240118;101242;198.700000000;20;9428146224;B
20240118;101248;198.660000000;50;9428146899;S
20240118;101257;198.660000000;250;9428147882;S
20240118;101257;198.660000000;100;9428147883;S
20240118;101258;198.640000000;50;9428148005;B
20240118;101258;198.660000000;50;9428148006;B
20240118;101259;198.660000000;30;9428148077;B
20240118;101304;198.660000000;10;9428148646;B
20240118;101316;198.640000000;50;9428150050;B
20240118;101317;198.640000000;70;9428150088;S
20240118;101317;198.640000000;40;9428150094;S
20240118;101322;198.660000000;50;9428150737;B
20240118;101323;198.640000000;440;9428150778;S
20240118;101323;198.640000000;20;9428150819;S
20240118;101324;198.640000000;70;9428150865;S
20240118;101326;198.640000000;310;9428151102;S
20240118;101328;198.640000000;20;9428151254;B
20240118;101330;198.620000000;10;9428151457;S
20240118;101330;198.620000000;10;9428151486;S
20240118;101331;198.640000000;50;9428151603;B
20240118;101335;198.620000000;10;9428152157;S
20240118;101335;198.600000000;190;9428152158;S
20240118;101336;198.620000000;50;9428152255;B
20240118;101336;198.620000000;110;9428152256;B
20240118;101336;198.620000000;510;9428152257;B
20240118;101336;198.640000000;330;9428152258;B
20240118;101338;198.600000000;60;9428152339;S
20240118;101345;198.620000000;50;9428152994;B
20240118;101345;198.640000000;290;9428152995;B
20240118;101345;198.640000000;250;9428152996;B
20240118;101345;198.660000000;2510;9428152997;B
20240118;101345;198.700000000;1820;9428152998;B
20240118;101345;198.700000000;80;9428152999;B
20240118;101345;198.680000000;80;9428153085;B
20240118;101356;198.620000000;200;9428154211;S
20240118;101408;198.660000000;230;9428155739;S
20240118;101408;198.660000000;120;9428155752;S
20240118;101408;198.640000000;100;9428155753;S
20240118;101408;198.640000000;90;9428155754;S
20240118;101408;198.620000000;10;9428155767;S
20240118;101408;198.620000000;120;9428155768;S
20240118;101418;198.640000000;20;9428157037;S
20240118;101441;198.640000000;10;9428159980;B
20240118;101441;198.620000000;30;9428159982;S
20240118;101441;198.600000000;70;9428159983;S
20240118;101453;198.620000000;10;9428161314;B
20240118;101457;198.620000000;20;9428161802;B
20240118;101501;198.620000000;20;9428162266;B
20240118;101501;198.620000000;10;9428162340;B
20240118;101501;198.600000000;10;9428162414;S
20240118;101502;198.640000000;20;9428162636;B
20240118;101506;198.620000000;50;9428163456;B
20240118;101506;198.620000000;50;9428163457;B
20240118;101506;198.640000000;20;9428163458;B
20240118;101506;198.640000000;50;9428163459;B
20240118;101506;198.640000000;100;9428163460;B
20240118;101513;198.680000000;300;9428165200;B
20240118;101514;198.680000000;300;9428165300;B
20240118;101517;198.640000000;60;9428166007;S
20240118;101519;198.680000000;10;9428166402;B
20240118;101519;198.680000000;100;9428166495;B
20240118;101520;198.640000000;10;9428166729;S
20240118;101522;198.640000000;40;9428167002;S
20240118;101526;198.700000000;10;9428167883;B
20240118;101529;198.640000000;40;9428168452;S
20240118;101536;198.640000000;10;9428169587;S
20240118;101537;198.700000000;50;9428169789;B
20240118;101541;198.700000000;10;9428170592;B
20240118;101545;198.700000000;30;9428171216;B
20240118;101545;198.700000000;270;9428171217;B
20240118;101548;198.700000000;10;9428171681;B
20240118;101548;198.700000000;20;9428171682;B
20240118;101550;198.700000000;200;9428172064;S
20240118;101553;198.700000000;710;9428172600;S
20240118;101601;198.720000000;100;9428174084;B
20240118;101604;198.720000000;50;9428174658;B
20240118;101607;198.700000000;70;9428175130;S
20240118;101609;198.700000000;10;9428175447;S
20240118;101609;198.700000000;40;9428175478;S
20240118;101611;198.700000000;40;9428175799;S
20240118;101611;198.700000000;10;9428175844;S
20240118;101611;198.700000000;10;9428175867;S
20240118;101612;198.720000000;300;9428175919;B
20240118;101612;198.720000000;300;9428175949;B
20240118;101612;198.700000000;10;9428175959;S
20240118;101615;198.720000000;570;9428176519;B
20240118;101615;198.720000000;2880;9428176520;B
20240118;101615;198.720000000;2830;9428176521;B
20240118;101616;198.720000000;10;9428176733;B
20240118;101619;198.700000000;10;9428177335;S
20240118;101621;198.720000000;20;9428177846;B
20240118;101621;198.720000000;20;9428177847;B
20240118;101621;198.720000000;10;9428177848;B
20240118;101631;198.720000000;40;9428179458;B
20240118;101633;198.720000000;500;9428179820;B
20240118;101633;198.700000000;20;9428179987;S
20240118;101637;198.720000000;10;9428180801;B
20240118;101639;198.700000000;100;9428181257;S
20240118;101643;198.720000000;210;9428181899;B
20240118;101649;198.720000000;20;9428182704;B
20240118;101652;198.720000000;20;9428183107;B
20240118;101652;198.700000000;490;9428183212;S
20240118;101654;198.720000000;3000;9428183425;B
20240118;101654;198.700000000;20;9428183520;S
20240118;101708;198.700000000;200;9428185613;S
20240118;101708;198.700000000;100;9428185622;S
20240118;101713;198.700000000;5000;9428186393;S
20240118;101725;198.720000000;10;9428188111;B
20240118;101728;198.720000000;10;9428188418;B
20240118;101734;198.700000000;150;9428189264;S
20240118;101735;198.700000000;10;9428189352;S
20240118;101738;198.700000000;2800;9428189794;S
20240118;101738;198.700000000;150;9428189795;S
20240118;101738;198.700000000;50;9428189796;S
20240118;101757;198.700000000;330;9428191905;B
20240118;101757;198.700000000;100;9428191906;B
20240118;101757;198.720000000;40;9428191907;B
20240118;101758;198.700000000;10;9428191948;B
20240118;101812;198.700000000;10;9428193468;B
20240118;101814;198.700000000;20;9428193600;B
20240118;101822;198.700000000;10;9428194415;B
20240118;101834;198.700000000;90;9428195781;B
20240118;101843;198.640000000;70;9428196641;S
20240118;101843;198.640000000;500;9428196642;S
20240118;101843;198.620000000;510;9428196643;S
20240118;101843;198.600000000;290;9428196644;S
20240118;101843;198.600000000;40;9428196645;S
20240118;101843;198.600000000;30;9428196646;S
20240118;101843;198.600000000;30;9428196647;S
20240118;101843;198.600000000;160;9428196648;S
20240118;101850;198.700000000;30;9428197311;B
20240118;101904;198.680000000;10;9428198753;B
20240118;101911;198.680000000;20;9428199359;B
20240118;101915;198.620000000;150;9428199961;S
20240118;101926;198.680000000;50;9428201496;B
20240118;101926;198.680000000;10;9428201497;B
20240118;101926;198.680000000;40;9428201498;B
20240118;101932;198.680000000;10;9428202523;B
20240118;101946;198.640000000;50;9428204318;B
20240118;102000;198.620000000;400;9428206015;B
20240118;102000;198.620000000;420;9428206016;B
20240118;102000;198.620000000;70;9428206017;B
20240118;102000;198.640000000;70;9428206018;B
20240118;102000;198.660000000;40;9428206019;B
20240118;102005;198.600000000;120;9428206545;S
20240118;102011;198.660000000;100;9428207188;B
20240118;102013;198.660000000;20;9428207398;B
20240118;102024;198.640000000;20;9428208659;B
20240118;102029;198.620000000;10;9428209114;S
20240118;102030;198.660000000;10;9428209132;B
20240118;102032;198.660000000;800;9428209576;B
20240118;102035;198.620000000;90;9428210036;S
20240118;102054;198.660000000;20;9428212553;B
20240118;102059;198.620000000;10;9428213230;S
20240118;102109;198.620000000;10;9428214491;S
20240118;102111;198.620000000;10;9428214672;S
20240118;102116;198.640000000;10;9428215195;B
20240118;102116;198.660000000;10;9428215196;B
20240118;102128;198.660000000;10;9428216603;B
20240118;102128;198.620000000;50;9428216653;S
20240118;102132;198.620000000;60;9428217186;S
20240118;102132;198.620000000;240;9428217187;S
20240118;102132;198.620000000;10;9428217189;S
20240118;102141;198.640000000;10;9428218104;S
20240118;102147;198.640000000;10;9428218659;S
20240118;102151;198.660000000;100;9428219336;B
20240118;102201;198.660000000;70;9428220244;B
20240118;102201;198.680000000;30;9428220245;B
20240118;102204;198.660000000;620;9428220497;S
20240118;102204;198.640000000;120;9428220498;S
20240118;102204;198.640000000;240;9428220499;S
20240118;102204;198.640000000;100;9428220500;S
20240118;102204;198.640000000;70;9428220501;S
20240118;102211;198.640000000;50;9428221462;B
20240118;102211;198.680000000;50;9428221463;B
20240118;102224;198.680000000;40;9428222709;S
20240118;102224;198.680000000;210;9428222710;S
20240118;102232;198.700000000;20;9428223487;B
20240118;102251;198.700000000;50;9428225493;B
20240118;102252;198.700000000;10;9428225569;B
20240118;102255;198.700000000;10;9428225788;B
20240118;102259;198.680000000;1000;9428226138;S
20240118;102259;198.680000000;10;9428226139;S
20240118;102303;198.660000000;10;9428226464;S
20240118;102303;198.660000000;10;9428226465;S
20240118;102308;198.680000000;10;9428226964;B
20240118;102310;198.680000000;20;9428227122;B
20240118;102314;198.660000000;10;9428227450;S
20240118;102314;198.680000000;10;9428227540;B
20240118;102319;198.680000000;40;9428228001;B
20240118;102319;198.660000000;10;9428228023;S
20240118;102319;198.660000000;100;9428228036;S
20240118;102323;198.680000000;10;9428228349;B
20240118;102331;198.680000000;20;9428229143;B
20240118;102335;198.660000000;10;9428229538;S
20240118;102336;198.660000000;60;9428229585;S
20240118;102352;198.660000000;30;9428231001;S
20240118;102355;198.660000000;270;9428231212;S
20240118;102355;198.640000000;1040;9428231213;S
20240118;102355;198.640000000;250;9428231214;S
20240118;102355;198.640000000;70;9428231215;S
20240118;102355;198.640000000;120;9428231216;S
20240118;102355;198.620000000;80;9428231217;S
20240118;102355;198.620000000;40;9428231218;S
20240118;102355;198.620000000;40;9428231219;S
20240118;102355;198.620000000;30;9428231220;S
20240118;102355;198.620000000;30;9428231221;S
20240118;102355;198.620000000;30;9428231222;S
20240118;102355;198.620000000;1000;9428231223;S
20240118;102355;198.600000000;380;9428231224;S
20240118;102355;198.600000000;50;9428231225;S
20240118;102355;198.600000000;20;9428231226;S
20240118;102355;198.600000000;150;9428231227;S
20240118;102355;198.600000000;60;9428231228;S
20240118;102355;198.580000000;10;9428231229;S
20240118;102355;198.580000000;5000;9428231230;S
20240118;102355;198.580000000;3270;9428231231;S
20240118;102355;198.560000000;20;9428231232;S
20240118;102355;198.540000000;10;9428231233;S
20240118;102355;198.540000000;10;9428231234;S
20240118;102355;198.540000000;10;9428231235;S
20240118;102355;198.540000000;10;9428231236;S
20240118;102355;198.540000000;60;9428231237;S
20240118;102355;198.540000000;20;9428231238;S
20240118;102355;198.540000000;10;9428231239;S
20240118;102355;198.540000000;30;9428231240;S
20240118;102355;198.540000000;300;9428231241;S
20240118;102355;198.540000000;10;9428231242;S
20240118;102355;198.540000000;50;9428231243;S
20240118;102355;198.520000000;20;9428231244;S
20240118;102355;198.520000000;10;9428231245;S
20240118;102355;198.500000000;20;9428231246;S
20240118;102355;198.500000000;20;9428231247;S
20240118;102355;198.500000000;10;9428231248;S
20240118;102355;198.500000000;10;9428231249;S
20240118;102355;198.500000000;20;9428231250;S
20240118;102355;198.500000000;50;9428231251;S
20240118;102355;198.500000000;10;9428231252;S
20240118;102355;198.500000000;400;9428231253;S
20240118;102355;198.500000000;20;9428231254;S
20240118;102355;198.500000000;4010;9428231255;S
20240118;102355;198.480000000;20;9428231256;S
20240118;102355;198.460000000;10;9428231257;S
20240118;102355;198.460000000;1250;9428231258;S
20240118;102355;198.440000000;80;9428231259;S
20240118;102355;198.460000000;10;9428231260;S
20240118;102355;198.620000000;40;9428231273;S
20240118;102355;198.460000000;10;9428231275;S
20240118;102355;198.600000000;40;9428231277;B
20240118;102355;198.600000000;40;9428231282;B
20240118;102355;198.600000000;40;9428231286;B
20240118;102355;198.600000000;40;9428231288;B
20240118;102355;198.600000000;40;9428231295;B
20240118;102355;198.600000000;40;9428231301;B
20240118;102355;198.600000000;40;9428231302;B
20240118;102356;198.600000000;40;9428231307;B
20240118;102356;198.500000000;400;9428231341;B
20240118;102356;198.500000000;100;9428231342;B
20240118;102356;198.500000000;100;9428231343;B
20240118;102356;198.500000000;300;9428231344;B
20240118;102356;198.500000000;300;9428231345;B
20240118;102356;198.500000000;10;9428231348;B
20240118;102402;198.480000000;180;9428232012;B
20240118;102404;198.460000000;10;9428232791;S
20240118;102405;198.480000000;10;9428232907;B
20240118;102409;198.480000000;10;9428233308;B
20240118;102411;198.460000000;490;9428233628;S
20240118;102411;198.440000000;200;9428233629;S
20240118;102412;198.480000000;10;9428233752;B
20240118;102415;198.440000000;110;9428234143;S
20240118;102416;198.460000000;10;9428234217;B
20240118;102418;198.480000000;20;9428234450;B
20240118;102423;198.460000000;10;9428235000;S
20240118;102423;198.440000000;90;9428235001;S
20240118;102423;198.460000000;220;9428235002;B
20240118;102423;198.480000000;190;9428235003;B
20240118;102423;198.480000000;70;9428235004;B
20240118;102430;198.480000000;20;9428235663;S
20240118;102430;198.440000000;10;9428235664;S
20240118;102436;198.480000000;10;9428236246;B
20240118;102445;198.480000000;10;9428237118;B
20240118;102448;198.480000000;20;9428237317;B
20240118;102455;198.480000000;40;9428238157;B
20240118;102502;198.460000000;10;9428238838;S
20240118;102503;198.460000000;10;9428238962;S
20240118;102508;198.460000000;10;9428239685;S
20240118;102508;198.440000000;100;9428239686;S
20240118;102508;198.440000000;50;9428239687;S
20240118;102508;198.440000000;20;9428239688;S
20240118;102508;198.440000000;50;9428239689;S
20240118;102508;198.440000000;70;9428239690;S
20240118;102508;198.420000000;90;9428239691;S
20240118;102508;198.400000000;10;9428239692;S
20240118;102509;198.400000000;10;9428239785;S
20240118;102509;198.400000000;40;9428239786;S
20240118;102509;198.400000000;20;9428239820;S
20240118;102513;198.460000000;40;9428240275;B
20240118;102516;198.460000000;40;9428240712;B
20240118;102516;198.460000000;200;9428240713;B
20240118;102516;198.460000000;70;9428240714;B
20240118;102516;198.480000000;100;9428240715;B
20240118;102516;198.480000000;100;9428240716;B
20240118;102516;198.480000000;510;9428240717;B
20240118;102516;198.480000000;500;9428240718;B
20240118;102516;198.500000000;290;9428240719;B
20240118;102518;198.500000000;20;9428240857;B
20240118;102534;198.440000000;80;9428242486;S
20240118;102548;198.480000000;20;9428243583;B
20240118;102550;198.480000000;150;9428243772;B
20240118;102550;198.440000000;430;9428243827;S
20240118;102550;198.440000000;420;9428243828;S
20240118;102550;198.420000000;30;9428243829;S
20240118;102550;198.400000000;40;9428243830;S
20240118;102550;198.400000000;10;9428243831;S
20240118;102550;198.400000000;10;9428243832;S
20240118;102550;198.400000000;20;9428243833;S
20240118;102550;198.400000000;40;9428243834;S
20240118;102603;198.400000000;960;9428245253;S
20240118;102603;198.400000000;20;9428245254;S
20240118;102603;198.400000000;20;9428245255;S
20240118;102603;198.400000000;160;9428245256;S
20240118;102603;198.400000000;1000;9428245257;S
20240118;102603;198.400000000;10;9428245258;S
20240118;102603;198.380000000;100;9428245259;B
20240118;102605;198.360000000;20;9428245504;S
20240118;102605;198.340000000;50;9428245505;S
20240118;102605;198.340000000;180;9428245506;S
20240118;102605;198.340000000;480;9428245507;S
20240118;102606;198.340000000;340;9428245555;S
20240118;102606;198.320000000;20;9428245556;S
20240118;102606;198.320000000;70;9428245557;S
20240118;102606;198.300000000;50;9428245558;S
20240118;102606;198.300000000;10;9428245559;S
20240118;102606;198.360000000;70;9428245560;B
20240118;102606;198.380000000;30;9428245561;B
20240118;102606;198.340000000;100;9428245604;B
20240118;102612;198.340000000;50;9428246126;B
20240118;102612;198.360000000;50;9428246127;B
20240118;102617;198.340000000;20;9428246587;B
20240118;102618;198.340000000;20;9428246650;B
20240118;102621;198.340000000;30;9428246944;B
20240118;102625;198.340000000;10;9428247463;B
20240118;102625;198.340000000;40;9428247464;B
20240118;102625;198.340000000;140;9428247542;B
20240118;102625;198.340000000;10;9428247543;B
20240118;102629;198.340000000;150;9428247855;S
20240118;102631;198.340000000;10;9428247983;S
20240118;102634;198.340000000;170;9428248228;S
20240118;102638;198.340000000;20;9428248667;S
20240118;102638;198.300000000;180;9428248668;S
20240118;102641;198.300000000;20;9428249056;S
20240118;102641;198.300000000;100;9428249106;S
20240118;102642;198.340000000;10;9428249243;B
20240118;102643;198.360000000;10;9428249292;B
20240118;102658;198.360000000;20;9428250796;B
20240118;102659;198.360000000;20;9428250879;B
20240118;102659;198.360000000;1190;9428250880;B
20240118;102700;198.360000000;80;9428250950;B
20240118;102700;198.360000000;250;9428250951;B
20240118;102712;198.400000000;10;9428252002;B
20240118;102714;198.380000000;20;9428252211;S
20240118;102718;198.400000000;30;9428252444;B
20240118;102723;198.380000000;70;9428253130;B
20240118;102723;198.400000000;4930;9428253131;B
20240118;102724;198.360000000;480;9428253175;S
20240118;102735;198.380000000;30;9428254276;B
20240118;102735;198.360000000;20;9428254291;S
20240118;102737;198.380000000;100;9428254551;B
20240118;102740;198.300000000;10;9428255209;S
20240118;102742;198.300000000;90;9428255444;S
20240118;102742;198.300000000;20;9428255445;S
20240118;102742;198.280000000;20;9428255446;S
20240118;102742;198.280000000;70;9428255447;S
20240118;102748;198.400000000;20;9428256664;B
20240118;102807;198.400000000;20;9428260182;B
20240118;102807;198.380000000;250;9428260210;S
20240118;102815;198.380000000;100;9428261608;S
20240118;102818;198.400000000;20;9428262094;B
20240118;102827;198.400000000;10;9428263370;B
20240118;102841;198.400000000;20;9428265255;B
20240118;102848;198.400000000;20;9428265882;B
20240118;102854;198.400000000;20;9428266487;B
20240118;102854;198.380000000;10;9428266512;S
20240118;102857;198.380000000;10;9428266765;S
20240118;102904;198.380000000;20;9428267414;S
20240118;102914;198.380000000;110;9428268358;S
20240118;102914;198.360000000;20;9428268383;S
20240118;102916;198.380000000;10;9428268710;B
20240118;102917;198.360000000;10;9428268786;S
20240118;102918;198.380000000;20;9428268829;B
20240118;102920;198.380000000;500;9428269130;B
20240118;102921;198.380000000;1050;9428269278;B
20240118;102923;198.360000000;230;9428269524;S
20240118;102925;198.360000000;120;9428269736;S
20240118;102930;198.360000000;20;9428270146;S
20240118;102935;198.380000000;310;9428270466;B
20240118;102935;198.380000000;70;9428270467;B
20240118;102935;198.380000000;60;9428270468;B
20240118;102935;198.380000000;20;9428270469;B
20240118;102935;198.400000000;2730;9428270470;B
20240118;102935;198.400000000;10;9428270471;B
20240118;102935;198.400000000;500;9428270472;B
20240118;102935;198.400000000;50;9428270473;B
20240118;102935;198.420000000;500;9428270474;B
20240118;102935;198.420000000;20;9428270475;B
20240118;102935;198.440000000;780;9428270476;B
20240118;102935;198.380000000;140;9428270487;S
20240118;102948;198.440000000;20;9428271727;B
20240118;102951;198.440000000;10;9428271999;B
20240118;102952;198.440000000;10;9428272182;B
20240118;102955;198.440000000;10;9428272507;B
20240118;102958;198.400000000;20;9428272873;S
20240118;103003;198.440000000;100;9428273793;B
20240118;103006;198.440000000;20;9428274177;B
20240118;103006;198.400000000;30;9428274255;S
20240118;103011;198.400000000;100;9428274756;B
20240118;103018;198.400000000;10;9428275630;B
20240118;103018;198.420000000;10;9428275631;B
20240118;103043;198.420000000;10;9428279874;B
20240118;103043;198.420000000;50;9428279875;B
20240118;103048;198.440000000;20;9428280568;B
20240118;103049;198.440000000;10;9428280729;B
20240118;103053;198.440000000;20;9428281267;B
20240118;103053;198.440000000;20;9428281268;B
20240118;103056;198.420000000;100;9428281639;S
20240118;103059;198.440000000;10;9428281880;B
20240118;103109;198.440000000;10;9428282738;B
20240118;103109;198.440000000;10;9428282768;B
20240118;103115;198.420000000;340;9428283271;S
20240118;103115;198.420000000;70;9428283272;S
20240118;103115;198.420000000;50;9428283273;S
20240118;103118;198.400000000;20;9428283484;B
20240118;103120;198.400000000;20;9428283749;B
20240118;103121;198.380000000;20;9428283771;S
20240118;103121;198.400000000;200;9428283799;B
20240118;103123;198.380000000;50;9428283872;S
20240118;103127;198.400000000;20;9428284222;B
20240118;103134;198.400000000;10;9428284874;B
20240118;103135;198.400000000;2000;9428284964;B
20240118;103138;198.400000000;2500;9428285478;B
20240118;103146;198.400000000;400;9428286320;B
20240118;103148;198.400000000;20;9428286455;B
20240118;103148;198.380000000;40;9428286510;S
20240118;103152;198.380000000;300;9428286864;B
20240118;103154;198.360000000;10;9428286983;S
20240118;103204;198.360000000;10;9428287941;S
20240118;103228;198.380000000;20;9428290043;B
20240118;103228;198.380000000;100;9428290095;B
20240118;103248;198.380000000;30;9428291904;B
20240118;103302;198.380000000;50;9428292941;B
20240118;103305;198.380000000;20;9428293137;B
20240118;103312;198.380000000;10;9428293804;B
20240118;103318;198.380000000;20;9428294365;B
20240118;103321;198.380000000;10;9428294601;B
20240118;103324;198.380000000;200;9428294951;B
20240118;103338;198.380000000;20;9428295950;B
20240118;103343;198.380000000;180;9428296230;B
20240118;103343;198.380000000;10;9428296231;B
20240118;103343;198.380000000;1000;9428296232;B
20240118;103343;198.380000000;20;9428296233;B
20240118;103343;198.380000000;100;9428296234;B
20240118;103343;198.380000000;2770;9428296235;B
20240118;103343;198.380000000;100;9428296236;B
20240118;103343;198.400000000;820;9428296237;B
20240118;103348;198.400000000;20;9428296697;B
20240118;103402;198.400000000;500;9428297886;B
20240118;103410;198.380000000;40;9428298438;B
20240118;103410;198.400000000;30;9428298439;B
20240118;103417;198.400000000;100;9428298959;B
20240118;103418;198.400000000;20;9428298985;B
20240118;103421;198.400000000;1000;9428299191;B
20240118;103421;198.400000000;150;9428299192;B
20240118;103433;198.380000000;100;9428300728;S
20240118;103448;198.400000000;20;9428302241;B
20240118;103458;198.400000000;10;9428303166;B
20240118;103518;198.400000000;20;9428305347;B
20240118;103521;198.380000000;200;9428305881;S
20240118;103521;198.380000000;520;9428305882;S
20240118;103521;198.360000000;80;9428305883;S
20240118;103521;198.360000000;10;9428305884;S
20240118;103521;198.360000000;30;9428305885;S
20240118;103521;198.360000000;50;9428305886;S
20240118;103521;198.320000000;10;9428305887;S
20240118;103521;198.320000000;500;9428305888;S
20240118;103521;198.300000000;100;9428305889;S
20240118;103535;198.380000000;30;9428309285;B
20240118;103548;198.380000000;20;9428311775;B
20240118;103557;198.380000000;100;9428313237;B
20240118;103606;198.380000000;30;9428314628;B
20240118;103613;198.380000000;30;9428315818;B
20240118;103613;198.380000000;40;9428315841;B
20240118;103618;198.400000000;20;9428316241;B
20240118;103619;198.380000000;60;9428316426;S
20240118;103619;198.320000000;130;9428316427;S
20240118;103619;198.300000000;10;9428316428;S
20240118;103630;198.400000000;10;9428317739;B
20240118;103642;198.320000000;200;9428319183;S
20240118;103648;198.380000000;20;9428320083;B
20240118;103704;198.360000000;130;9428322114;B
20240118;103704;198.380000000;70;9428322115;B
20240118;103706;198.400000000;30;9428322261;B
20240118;103718;198.380000000;10;9428323772;B
20240118;103718;198.380000000;10;9428323773;B
20240118;103732;198.400000000;30;9428325706;B
20240118;103736;198.380000000;10;9428326446;S
20240118;103736;198.380000000;40;9428326447;S
20240118;103738;198.380000000;70;9428326677;B
20240118;103738;198.380000000;30;9428326678;B
20240118;103752;198.400000000;130;9428328732;B
20240118;103758;198.400000000;20;9428329693;B
20240118;103813;198.320000000;10;9428331921;S
20240118;103815;198.320000000;190;9428332174;S
20240118;103818;198.320000000;10;9428332625;B
20240118;103818;198.340000000;20;9428332626;B
20240118;103820;198.380000000;10;9428332865;B
20240118;103820;198.380000000;10;9428332866;B
20240118;103820;198.380000000;200;9428332867;B
20240118;103820;198.380000000;280;9428332868;B
20240118;103842;198.400000000;120;9428336096;B
20240118;103844;198.400000000;10;9428336366;B
20240118;103848;198.380000000;20;9428336925;B
20240118;103855;198.320000000;200;9428338245;S
20240118;103902;198.300000000;70;9428339563;S
20240118;103907;198.300000000;320;9428340232;S
20240118;103907;198.300000000;180;9428340233;S
20240118;103908;198.320000000;100;9428340376;B
20240118;103908;198.300000000;10;9428340472;S
20240118;103918;198.320000000;20;9428341696;B
20240118;103922;198.320000000;100;9428342287;B
20240118;103927;198.320000000;30;9428343043;B
20240118;103932;198.320000000;100;9428344004;B
20240118;103933;198.320000000;10;9428344099;B
20240118;103933;198.320000000;1240;9428344116;B
20240118;103933;198.320000000;150;9428344117;B
20240118;103933;198.360000000;70;9428344118;B
20240118;103933;198.380000000;200;9428344119;B
20240118;103933;198.380000000;340;9428344120;B
20240118;103933;198.320000000;60;9428344212;S
20240118;103936;198.320000000;50;9428344530;S
20240118;103936;198.300000000;310;9428344531;S
20240118;103936;198.300000000;10;9428344532;S
20240118;103936;198.300000000;20;9428344533;S
20240118;103936;198.300000000;500;9428344534;S
20240118;103936;198.300000000;100;9428344535;S
20240118;103948;198.300000000;20;9428345989;B
20240118;103956;198.280000000;10;9428346844;S
20240118;103958;198.300000000;100;9428347094;B
20240118;104001;198.300000000;350;9428347439;B
20240118;104010;198.280000000;10;9428348568;S
20240118;104010;198.240000000;20;9428348569;S
20240118;104010;198.240000000;50;9428348570;S
20240118;104012;198.300000000;500;9428348857;B
20240118;104012;198.240000000;70;9428348942;S
20240118;104015;198.280000000;30;9428349367;B
20240118;104015;198.300000000;1040;9428349368;B
20240118;104018;198.320000000;10;9428349766;B
20240118;104018;198.320000000;10;9428349767;B
20240118;104018;198.300000000;10;9428349809;S
20240118;104040;198.320000000;10;9428353097;B
20240118;104044;198.300000000;50;9428353767;S
20240118;104048;198.320000000;20;9428354235;B
20240118;104049;198.300000000;50;9428354353;S
20240118;104059;198.320000000;50;9428355675;B
20240118;104059;198.300000000;60;9428355686;S
20240118;104103;198.320000000;10;9428356066;B
20240118;104103;198.340000000;10;9428356144;B
20240118;104112;198.300000000;10;9428357297;S
20240118;104118;198.340000000;20;9428358102;B
20240118;104128;198.300000000;250;9428359393;S
20240118;104128;198.300000000;100;9428359394;S
20240118;104128;198.300000000;30;9428359395;S
20240118;104128;198.300000000;10;9428359396;S
20240118;104128;198.300000000;10;9428359397;S
20240118;104128;198.280000000;600;9428359398;S
20240118;104130;198.280000000;10;9428359723;S
20240118;104138;198.320000000;20;9428360721;S
20240118;104138;198.300000000;1000;9428360722;S
20240118;104138;198.300000000;70;9428360723;S
20240118;104138;198.280000000;1890;9428360724;S
20240118;104138;198.260000000;10;9428360725;S
20240118;104138;198.240000000;10;9428360726;S
20240118;104138;198.220000000;10;9428360727;S
20240118;104138;198.220000000;10;9428360728;S
20240118;104138;198.220000000;10;9428360729;S
20240118;104138;198.220000000;100;9428360730;S
20240118;104138;198.220000000;70;9428360731;S
20240118;104138;198.200000000;10;9428360732;S
20240118;104138;198.200000000;300;9428360733;S
20240118;104138;198.200000000;20;9428360734;S
20240118;104138;198.200000000;20;9428360735;S
20240118;104138;198.200000000;500;9428360736;S
20240118;104138;198.180000000;30;9428360737;S
20240118;104138;198.160000000;20;9428360738;S
20240118;104138;198.160000000;500;9428360739;S
20240118;104138;198.140000000;500;9428360740;S
20240118;104138;198.140000000;20;9428360741;S
20240118;104138;198.120000000;20;9428360742;S
20240118;104138;198.120000000;200;9428360743;S
20240118;104138;198.120000000;380;9428360744;S
20240118;104138;198.100000000;20;9428360745;S
20240118;104138;198.100000000;20;9428360746;S
20240118;104138;198.100000000;1820;9428360747;S
20240118;104138;198.100000000;20;9428360748;S
20240118;104138;198.100000000;670;9428360749;B
20240118;104139;198.100000000;50;9428360812;B
20240118;104139;198.080000000;10;9428360836;S
20240118;104139;198.100000000;30;9428360837;B
20240118;104139;198.100000000;20;9428360883;B
20240118;104140;198.100000000;10;9428360904;B
20240118;104142;198.100000000;10;9428361120;B
20240118;104144;198.100000000;50;9428361358;B
20240118;104148;198.100000000;20;9428361900;B
20240118;104149;198.100000000;500;9428361958;B
20240118;104152;198.100000000;10;9428362415;B
20240118;104204;198.080000000;30;9428364298;S
20240118;104204;198.100000000;500;9428364498;B
20240118;104205;198.100000000;20;9428364609;B
20240118;104208;198.100000000;100;9428364859;B
20240118;104213;198.100000000;500;9428365451;B
20240118;104216;198.100000000;130;9428365898;B
20240118;104218;198.100000000;20;9428366304;B
20240118;104224;198.100000000;20;9428367067;B
20240118;104236;198.080000000;130;9428368570;S
20240118;104238;198.100000000;10;9428368869;B
20240118;104248;198.100000000;20;9428369919;B
20240118;104252;198.100000000;500;9428370341;B
20240118;104255;198.080000000;10;9428370721;S
20240118;104300;198.100000000;50;9428371148;B
20240118;104302;198.100000000;10;9428371357;B
20240118;104303;198.080000000;170;9428371528;S
20240118;104303;198.080000000;20;9428371529;S
20240118;104303;198.080000000;10;9428371530;S
20240118;104303;198.080000000;20;9428371531;S
20240118;104304;198.100000000;20;9428371586;B
20240118;104308;198.100000000;500;9428372125;B
20240118;104309;198.100000000;20;9428372268;B
20240118;104312;198.100000000;50;9428372536;B
20240118;104312;198.080000000;10;9428372580;S
20240118;104315;198.080000000;50;9428372976;S
20240118;104315;198.080000000;30;9428372977;S
20240118;104315;198.080000000;10;9428372978;S
20240118;104316;198.100000000;170;9428373064;B
20240118;104319;198.100000000;20;9428373367;B
20240118;104322;198.080000000;20;9428373664;S
20240118;104328;198.100000000;20;9428374213;B
20240118;104337;198.100000000;500;9428375021;B
20240118;104341;198.080000000;480;9428375539;S
20240118;104341;198.080000000;520;9428375540;S
20240118;104348;198.100000000;30;9428376147;B
20240118;104358;198.100000000;500;9428377045;B
20240118;104358;198.100000000;700;9428377120;B
20240118;104359;198.100000000;80;9428377165;B
20240118;104400;198.100000000;500;9428377269;B
20240118;104407;198.080000000;480;9428377993;S
20240118;104407;198.080000000;10;9428377994;S
20240118;104407;198.080000000;120;9428377995;S
20240118;104407;198.080000000;500;9428377996;S
20240118;104407;198.080000000;10;9428377997;S
20240118;104407;198.080000000;500;9428377998;S
20240118;104407;198.080000000;30;9428377999;S
20240118;104407;198.080000000;320;9428378000;S
20240118;104418;198.100000000;20;9428379333;B
20240118;104419;198.100000000;100;9428379445;B
20240118;104422;198.080000000;20;9428379709;S
20240118;104426;198.100000000;10;9428380169;B
20240118;104427;198.080000000;480;9428380289;S
20240118;104427;198.080000000;20;9428380290;S
20240118;104430;198.080000000;490;9428380676;S
20240118;104430;198.080000000;10;9428380677;S
20240118;104435;198.080000000;20;9428381423;S
20240118;104448;198.100000000;20;9428382765;B
20240118;104451;198.080000000;100;9428383100;S
20240118;104451;198.080000000;370;9428383113;S
20240118;104451;198.080000000;10;9428383114;S
20240118;104451;198.080000000;1000;9428383115;S
20240118;104454;198.080000000;20;9428383328;B
20240118;104500;198.080000000;160;9428383888;B
20240118;104500;198.060000000;10;9428383904;S
20240118;104501;198.060000000;10;9428383959;S
20240118;104501;198.060000000;90;9428383960;S
20240118;104512;198.060000000;10;9428385139;S
20240118;104513;198.060000000;20;9428385190;S
20240118;104517;198.080000000;20;9428385582;B
20240118;104518;198.060000000;110;9428385793;S
20240118;104518;198.080000000;20;9428385795;B
20240118;104518;198.060000000;130;9428385824;S
20240118;104518;198.060000000;100;9428385826;S
20240118;104521;198.080000000;10;9428386158;B
20240118;104524;198.060000000;540;9428386318;S
20240118;104524;198.060000000;10;9428386319;S
20240118;104524;198.060000000;500;9428386320;S
20240118;104524;198.060000000;20;9428386321;S
20240118;104524;198.060000000;10;9428386322;S
20240118;104524;198.040000000;20;9428386323;S
20240118;104524;198.040000000;100;9428386324;S
20240118;104524;198.040000000;5000;9428386325;S
20240118;104524;198.040000000;10;9428386326;S
20240118;104524;198.040000000;450;9428386327;S
20240118;104524;198.020000000;10;9428386328;S
20240118;104524;198.020000000;10;9428386329;S
20240118;104524;198.020000000;20;9428386330;S
20240118;104524;198.020000000;10;9428386331;S
20240118;104524;198.020000000;80;9428386332;S
20240118;104524;198.020000000;10;9428386333;S
20240118;104524;198.020000000;10;9428386334;S
20240118;104524;198.020000000;100;9428386335;S
20240118;104524;198.020000000;20;9428386336;S
20240118;104524;198.020000000;3200;9428386337;S
20240118;104524;198.000000000;50;9428386338;S
20240118;104524;198.000000000;10;9428386339;S
20240118;104524;198.000000000;10;9428386340;S
20240118;104524;198.000000000;50;9428386341;S
20240118;104524;198.000000000;510;9428386342;S
20240118;104524;198.000000000;20;9428386343;S
20240118;104524;198.000000000;1000;9428386344;S
20240118;104524;198.000000000;3750;9428386345;S
20240118;104524;198.000000000;50;9428386346;S
20240118;104524;198.000000000;30;9428386347;S
20240118;104524;198.000000000;10;9428386348;S
20240118;104524;198.000000000;1380;9428386349;S
20240118;104524;198.000000000;150;9428386350;S
20240118;104524;198.000000000;600;9428386351;S
20240118;104524;198.020000000;20;9428386372;B
20240118;104524;198.000000000;30;9428386373;S
20240118;104524;198.060000000;330;9428386374;B
20240118;104524;198.060000000;510;9428386375;B
20240118;104524;198.060000000;210;9428386376;B
20240118;104524;198.080000000;370;9428386377;B
20240118;104524;198.080000000;80;9428386378;B
20240118;104524;198.000000000;1000;9428386397;S
20240118;104524;198.000000000;230;9428386433;S
20240118;104524;198.020000000;20;9428386434;B
20240118;104525;198.000000000;780;9428386477;S
20240118;104526;198.020000000;300;9428386673;B
20240118;104526;198.020000000;80;9428386674;B
20240118;104528;198.060000000;10;9428386947;B
20240118;104540;198.020000000;60;9428388224;S
20240118;104543;198.020000000;10;9428388666;S
20240118;104543;198.020000000;30;9428388723;S
20240118;104543;198.020000000;220;9428388724;S
20240118;104548;198.060000000;20;9428389202;B
20240118;104549;198.020000000;280;9428389317;S
20240118;104549;198.020000000;20;9428389318;S
20240118;104556;198.020000000;10;9428390007;S
20240118;104558;198.020000000;20;9428390562;S
20240118;104600;198.020000000;10;9428390698;S
20240118;104600;198.020000000;40;9428390759;S
20240118;104600;198.020000000;10;9428390760;S
20240118;104600;198.020000000;450;9428390761;S
20240118;104604;198.080000000;10;9428391195;B
20240118;104618;198.060000000;20;9428392787;B
20240118;104620;198.020000000;20;9428392977;S
20240118;104622;198.020000000;200;9428393191;S
20240118;104631;198.080000000;10;9428394540;B
20240118;104631;198.080000000;30;9428394541;B
20240118;104635;198.040000000;50;9428395030;S
20240118;104635;198.080000000;60;9428395070;B
20240118;104636;198.040000000;10;9428395190;S
20240118;104637;198.040000000;30;9428395354;S
20240118;104638;198.080000000;10;9428395500;B
20240118;104638;198.080000000;10;9428395501;B
20240118;104639;198.080000000;10;9428395657;B
20240118;104639;198.040000000;100;9428395677;S
20240118;104640;198.080000000;60;9428395700;B
20240118;104640;198.080000000;190;9428395701;B
20240118;104642;198.040000000;40;9428396016;S
20240118;104645;198.100000000;10;9428396325;B
20240118;104647;198.100000000;1050;9428396437;B
20240118;104648;198.100000000;20;9428396569;B
20240118;104649;198.100000000;10;9428396638;B
20240118;104655;198.100000000;10;9428397440;B
20240118;104657;198.080000000;10;9428397705;S
20240118;104658;198.080000000;220;9428397788;S
20240118;104700;198.080000000;200;9428397995;B
20240118;104702;198.040000000;50;9428398471;S
20240118;104702;198.040000000;10;9428398472;S
20240118;104704;198.040000000;10;9428398640;S
20240118;104704;198.080000000;10;9428398679;B
20240118;104707;198.080000000;70;9428399087;B
20240118;104707;198.080000000;130;9428399088;B
20240118;104718;198.080000000;20;9428399968;B
20240118;104729;198.100000000;20;9428401019;B
20240118;104731;198.100000000;10;9428401275;B
20240118;104744;198.100000000;250;9428402611;B
20240118;104746;198.040000000;10;9428402717;S
20240118;104747;198.100000000;20;9428402844;B
20240118;104748;198.100000000;20;9428402916;B
20240118;104753;198.100000000;250;9428403416;B
20240118;104806;198.100000000;10;9428404578;B
20240118;104811;198.100000000;30;9428404997;B
20240118;104811;198.100000000;100;9428405071;B
20240118;104823;198.100000000;40;9428406555;B
20240118;104828;198.100000000;20;9428407139;B
20240118;104828;198.100000000;100;9428407155;B
20240118;104837;198.100000000;1000;9428408203;B
20240118;104841;198.100000000;340;9428408594;B
20240118;104841;198.100000000;130;9428408644;B
20240118;104843;198.100000000;10;9428408912;B
20240118;104843;198.100000000;90;9428408913;B
20240118;104843;198.100000000;20;9428408914;B
20240118;104843;198.100000000;250;9428408941;B
20240118;104845;198.100000000;250;9428409200;B
20240118;104845;198.100000000;250;9428409231;B
20240118;104846;198.100000000;250;9428409260;B
20240118;104846;198.100000000;250;9428409274;B
20240118;104846;198.100000000;170;9428409275;B
20240118;104846;198.100000000;3600;9428409313;B
20240118;104846;198.100000000;40;9428409314;B
20240118;104846;198.100000000;2270;9428409315;B
20240118;104846;198.100000000;3250;9428409316;B
20240118;104846;198.100000000;100;9428409317;B
20240118;104846;198.100000000;500;9428409318;B
20240118;104846;198.100000000;50;9428409319;B
20240118;104846;198.100000000;1040;9428409320;B
20240118;104846;198.100000000;460;9428409321;B
20240118;104846;198.100000000;10;9428409322;B
20240118;104846;198.100000000;10;9428409323;B
20240118;104846;198.100000000;80;9428409324;B
20240118;104846;198.120000000;10;9428409326;B
20240118;104846;198.120000000;10;9428409327;B
20240118;104846;198.120000000;10;9428409328;B
20240118;104847;198.120000000;10;9428409438;B
20240118;104847;198.120000000;50;9428409489;B
20240118;104848;198.120000000;50;9428409519;B
20240118;104848;198.120000000;40;9428409520;B
20240118;104848;198.120000000;20;9428409535;B
20240118;104848;198.220000000;20;9428409536;B
20240118;104848;198.240000000;30;9428409571;B
20240118;104849;198.240000000;380;9428409669;B
20240118;104849;198.280000000;500;9428409670;B
20240118;104849;198.300000000;210;9428409671;B
20240118;104849;198.320000000;20;9428409672;B
20240118;104849;198.320000000;250;9428409673;B
20240118;104849;198.340000000;70;9428409675;B
20240118;104852;198.340000000;20;9428409913;S
20240118;104852;198.320000000;20;9428409914;S
20240118;104853;198.280000000;10;9428410130;S
20240118;104857;198.300000000;50;9428410638;B
20240118;104857;198.300000000;280;9428410639;B
20240118;104903;198.140000000;250;9428411290;S
20240118;104910;198.120000000;10;9428412109;S
20240118;104910;198.120000000;510;9428412110;S
20240118;104910;198.100000000;10;9428412111;S
20240118;104910;198.100000000;310;9428412112;S
20240118;104910;198.080000000;300;9428412113;S
20240118;104910;198.080000000;250;9428412114;S
20240118;104910;198.080000000;510;9428412115;S
20240118;104910;198.060000000;100;9428412116;S
20240118;104910;198.060000000;300;9428412117;S
20240118;104910;198.040000000;490;9428412118;S
20240118;104910;198.040000000;50;9428412119;S
20240118;104910;198.040000000;180;9428412120;S
20240118;104910;198.020000000;280;9428412121;S
20240118;104910;198.020000000;30;9428412122;S
20240118;104910;198.020000000;500;9428412123;S
20240118;104910;198.020000000;20;9428412124;S
20240118;104910;198.020000000;200;9428412125;S
20240118;104910;198.020000000;10;9428412126;S
20240118;104910;198.000000000;940;9428412127;S
20240118;104918;198.140000000;20;9428412973;B
20240118;104919;198.140000000;30;9428413204;B
20240118;104920;198.200000000;10;9428413284;B
20240118;104920;198.080000000;90;9428413347;S
20240118;104939;198.080000000;10;9428415482;S
20240118;104948;198.180000000;10;9428416385;B
20240118;104948;198.180000000;10;9428416386;B
20240118;104951;198.200000000;10;9428416624;B
20240118;105004;198.100000000;30;9428417971;S
20240118;105008;198.160000000;10;9428418489;B
20240118;105008;198.180000000;220;9428418490;B
20240118;105008;198.180000000;170;9428418491;B
20240118;105008;198.200000000;10;9428418492;B
20240118;105008;198.200000000;590;9428418493;B
20240118;105010;198.200000000;10;9428418725;B
20240118;105018;198.200000000;20;9428419648;B
20240118;105028;198.200000000;10;9428420851;B
20240118;105029;198.200000000;90;9428420938;B
20240118;105029;198.200000000;10;9428420939;B
20240118;105029;198.120000000;60;9428420961;S
20240118;105029;198.100000000;70;9428420962;S
20240118;105029;198.100000000;20;9428420963;S
20240118;105029;198.100000000;20;9428420964;S
20240118;105029;198.100000000;400;9428420965;S
20240118;105029;198.080000000;170;9428420966;S
20240118;105029;198.060000000;10;9428420967;S
20240118;105029;198.060000000;160;9428420968;S
20240118;105029;198.040000000;10;9428420969;S
20240118;105029;198.040000000;510;9428420970;S
20240118;105029;198.040000000;510;9428420971;S
20240118;105029;198.020000000;100;9428420972;S
20240118;105029;198.020000000;2500;9428420973;S
20240118;105029;198.020000000;270;9428420974;S
20240118;105029;198.000000000;4890;9428420975;S
20240118;105029;198.000000000;20;9428420976;S
20240118;105029;198.000000000;50;9428420977;S
20240118;105029;198.000000000;20;9428420978;S
20240118;105029;198.000000000;10;9428420979;S
20240118;105029;198.000000000;50;9428420980;S
20240118;105029;198.000000000;500;9428420981;S
20240118;105029;198.000000000;20;9428420982;S
20240118;105029;198.000000000;100;9428420983;S
20240118;105029;198.000000000;10;9428420984;S
20240118;105029;198.000000000;20;9428420985;S
20240118;105029;198.000000000;100;9428420986;S
20240118;105029;198.000000000;20;9428420987;S
20240118;105029;198.000000000;50;9428420988;S
20240118;105029;198.000000000;20;9428420989;S
20240118;105029;198.000000000;100;9428420990;S
20240118;105029;198.000000000;600;9428420991;S
20240118;105029;198.000000000;30;9428420992;S
20240118;105029;198.000000000;1000;9428420993;S
20240118;105029;198.000000000;10;9428420994;S
20240118;105029;198.000000000;10;9428420995;S
20240118;105029;198.000000000;10;9428420996;S
20240118;105029;198.000000000;1000;9428420997;S
20240118;105029;198.000000000;30;9428420998;S
20240118;105029;198.000000000;10;9428420999;S
20240118;105029;198.000000000;100;9428421000;S
20240118;105029;198.000000000;100;9428421001;S
20240118;105029;198.000000000;50;9428421002;S
20240118;105029;198.000000000;150;9428421003;S
20240118;105029;198.000000000;50;9428421004;S
20240118;105029;198.000000000;150;9428421005;S
20240118;105029;198.000000000;150;9428421006;S
20240118;105029;198.000000000;2220;9428421010;B
20240118;105029;198.000000000;480;9428421011;B
20240118;105029;197.980000000;20;9428421031;S
20240118;105029;197.960000000;20;9428421032;S
20240118;105029;197.940000000;50;9428421033;S
20240118;105029;197.940000000;40;9428421034;S
20240118;105029;197.940000000;30;9428421035;S
20240118;105029;197.940000000;30;9428421036;S
20240118;105029;197.920000000;20;9428421037;S
20240118;105029;197.920000000;20;9428421038;S
20240118;105029;197.900000000;20;9428421039;S
20240118;105029;197.900000000;60;9428421040;S
20240118;105029;197.900000000;50;9428421041;S
20240118;105029;197.880000000;10;9428421042;S
20240118;105029;197.880000000;20;9428421043;S
20240118;105029;197.880000000;10;9428421044;S
20240118;105029;197.860000000;20;9428421045;S
20240118;105029;197.860000000;510;9428421046;S
20240118;105029;197.840000000;10;9428421047;S
20240118;105029;197.840000000;310;9428421048;S
20240118;105029;197.860000000;100;9428421060;S
20240118;105029;197.980000000;90;9428421071;B
20240118;105029;197.860000000;10;9428421074;S
20240118;105029;197.860000000;10;9428421075;S
20240118;105030;197.960000000;10;9428421136;B
20240118;105032;197.980000000;20;9428421488;B
20240118;105032;197.960000000;960;9428421489;B
20240118;105034;198.000000000;50;9428421676;B
20240118;105046;197.920000000;10;9428423220;S
20240118;105046;197.880000000;10;9428423221;S
20240118;105046;197.880000000;380;9428423222;S
20240118;105046;197.860000000;160;9428423223;S
20240118;105046;197.840000000;190;9428423224;S
20240118;105046;197.840000000;20;9428423225;S
20240118;105046;197.840000000;130;9428423226;S
20240118;105046;197.840000000;100;9428423227;S
20240118;105046;197.820000000;20;9428423228;S
20240118;105046;197.820000000;510;9428423229;S
20240118;105046;197.820000000;510;9428423230;S
20240118;105046;197.820000000;960;9428423231;S
20240118;105046;197.820000000;2000;9428423232;S
20240118;105048;197.900000000;20;9428423426;B
20240118;105050;197.920000000;220;9428423646;B
20240118;105050;197.920000000;50;9428423672;B
20240118;105050;197.920000000;50;9428423676;B
20240118;105050;197.920000000;50;9428423683;B
20240118;105050;197.920000000;100;9428423685;B
20240118;105050;197.920000000;180;9428423693;B
20240118;105050;197.920000000;180;9428423705;B
20240118;105050;197.920000000;100;9428423706;B
20240118;105103;197.840000000;10;9428425132;S
20240118;105103;197.840000000;70;9428425133;S
20240118;105103;197.820000000;510;9428425134;S
20240118;105103;197.820000000;510;9428425135;S
20240118;105103;197.800000000;500;9428425136;S
20240118;105103;197.800000000;20;9428425137;S
20240118;105103;197.800000000;20;9428425138;S
20240118;105103;197.800000000;10;9428425139;S
20240118;105103;197.800000000;320;9428425140;S
20240118;105103;197.780000000;250;9428425141;S
20240118;105103;197.760000000;20;9428425142;S
20240118;105103;197.760000000;20;9428425143;S
20240118;105103;197.740000000;930;9428425144;S
20240118;105103;197.740000000;240;9428425145;S
20240118;105103;197.740000000;240;9428425146;S
20240118;105103;197.720000000;10;9428425147;S
20240118;105103;197.720000000;50;9428425148;S
20240118;105103;197.720000000;20;9428425149;S
20240118;105103;197.720000000;100;9428425150;S
20240118;105103;197.720000000;500;9428425151;S
20240118;105103;197.720000000;1260;9428425152;S
20240118;105103;197.720000000;3000;9428425153;S
20240118;105103;197.720000000;4000;9428425154;S
20240118;105103;197.700000000;10;9428425155;S
20240118;105103;197.700000000;10;9428425156;S
20240118;105103;197.700000000;30;9428425157;S
20240118;105103;197.700000000;20;9428425158;S
20240118;105103;197.700000000;5000;9428425159;S
20240118;105103;197.700000000;10;9428425160;S
20240118;105103;197.700000000;10;9428425161;S
20240118;105103;197.700000000;500;9428425162;S
20240118;105103;197.700000000;100;9428425163;S
20240118;105103;197.700000000;30;9428425164;S
20240118;105103;197.700000000;20;9428425165;S
20240118;105103;197.700000000;50;9428425166;S
20240118;105103;197.680000000;20;9428425167;S
20240118;105103;197.680000000;30;9428425168;S
20240118;105103;197.640000000;2000;9428425169;S
20240118;105103;197.640000000;20;9428425170;S
20240118;105103;197.640000000;50;9428425171;S
20240118;105103;197.620000000;20;9428425172;S
20240118;105103;197.620000000;50;9428425173;S
20240118;105103;197.620000000;30;9428425174;S
20240118;105103;197.620000000;10;9428425175;S
20240118;105103;197.600000000;5000;9428425176;S
20240118;105103;197.600000000;10;9428425177;S
20240118;105103;197.600000000;150;9428425178;S
20240118;105103;197.600000000;20;9428425179;S
20240118;105103;197.600000000;20;9428425180;S
20240118;105103;197.600000000;1000;9428425181;S
20240118;105103;197.600000000;260;9428425182;S
20240118;105103;197.600000000;100;9428425183;S
20240118;105103;197.600000000;5500;9428425184;S
20240118;105103;197.580000000;300;9428425185;S
20240118;105103;197.580000000;100;9428425186;S
20240118;105103;197.580000000;500;9428425187;S
20240118;105103;197.560000000;500;9428425188;S
20240118;105103;197.560000000;5000;9428425189;S
20240118;105103;197.560000000;1650;9428425190;S
20240118;105103;197.560000000;20;9428425191;S
20240118;105103;197.540000000;9240;9428425192;S
20240118;105103;197.900000000;10;9428425204;B
20240118;105103;197.780000000;250;9428425235;S
20240118;105103;197.780000000;70;9428425243;S
20240118;105103;197.640000000;30;9428425244;S
20240118;105104;197.640000000;20;9428425312;S
20240118;105104;197.640000000;80;9428425313;S
20240118;105104;197.700000000;620;9428425331;B
20240118;105106;197.660000000;10;9428425527;S
20240118;105108;197.700000000;530;9428425711;B
20240118;105110;197.680000000;40;9428425901;S
20240118;105110;197.680000000;10;9428425902;B
20240118;105110;197.700000000;10;9428425911;B
20240118;105110;197.660000000;50;9428425951;S
20240118;105110;197.700000000;4550;9428425966;B
20240118;105112;197.820000000;10;9428426230;B
20240118;105118;197.840000000;10;9428426982;B
20240118;105118;197.840000000;10;9428426983;B
20240118;105120;197.840000000;30;9428427257;B
20240118;105126;197.760000000;40;9428427747;S
20240118;105126;197.740000000;40;9428427748;S
20240118;105126;197.740000000;110;9428427749;S
20240118;105126;197.720000000;40;9428427750;S
20240118;105126;197.700000000;20;9428427751;S
20240118;105129;197.760000000;40;9428428019;S
20240118;105129;197.760000000;370;9428428020;S
20240118;105130;197.760000000;10;9428428215;S
20240118;105134;197.840000000;10;9428428613;B
20240118;105139;197.760000000;120;9428429338;S
20240118;105139;197.700000000;10;9428429339;S
20240118;105139;197.680000000;40;9428429340;S
20240118;105139;197.680000000;40;9428429341;S
20240118;105139;197.680000000;40;9428429342;S
20240118;105148;197.780000000;20;9428430250;B
20240118;105155;197.780000000;10;9428431095;B
20240118;105212;197.780000000;10;9428432966;B
20240118;105212;197.780000000;40;9428432967;B
20240118;105212;197.780000000;10;9428432979;B
20240118;105218;197.780000000;20;9428433519;B
20240118;105221;197.780000000;30;9428433953;B
20240118;105221;197.780000000;10;9428433954;B
20240118;105221;197.800000000;40;9428433956;B
20240118;105226;197.800000000;10;9428434555;S
20240118;105228;197.820000000;40;9428434779;B
20240118;105229;197.840000000;10;9428434898;B
20240118;105230;197.840000000;40;9428434974;B
20240118;105230;197.840000000;10;9428434975;B
20240118;105230;197.840000000;30;9428434976;B
20240118;105248;197.900000000;140;9428436973;B
20240118;105248;197.900000000;50;9428436974;B
20240118;105248;197.900000000;460;9428436975;B
20240118;105248;197.900000000;1060;9428436976;S
20240118;105248;197.920000000;20;9428436977;B
20240118;105251;197.900000000;10;9428437381;S
20240118;105252;197.940000000;50;9428437446;B
20240118;105256;197.960000000;10;9428437842;B
20240118;105258;197.900000000;850;9428438036;S
20240118;105302;197.900000000;70;9428438339;S
20240118;105308;197.900000000;140;9428439003;S
20240118;105314;197.900000000;220;9428439599;S
20240118;105314;197.840000000;30;9428439600;S
20240118;105314;197.840000000;140;9428439601;S
20240118;105314;197.820000000;70;9428439602;S
20240118;105314;197.820000000;140;9428439603;S
20240118;105318;197.900000000;20;9428440004;B
20240118;105344;197.920000000;10;9428442782;S
20240118;105350;197.920000000;10;9428443208;S
20240118;105358;197.940000000;20;9428443870;B
20240118;105407;197.940000000;210;9428444527;B
20240118;105407;197.940000000;120;9428444528;B
20240118;105407;197.940000000;10;9428444529;B
20240118;105407;197.960000000;3590;9428444530;B
20240118;105410;198.000000000;1000;9428444776;B
20240118;105411;198.000000000;10;9428444822;B
20240118;105418;198.000000000;30;9428445600;B
20240118;105420;198.000000000;250;9428445862;B
20240118;105427;198.000000000;1050;9428446692;B
20240118;105428;198.000000000;50;9428446770;B
20240118;105429;198.000000000;40;9428446865;B
20240118;105430;197.960000000;200;9428447024;S
20240118;105441;197.960000000;100;9428447949;S
20240118;105442;197.960000000;10;9428448084;S
20240118;105447;198.000000000;10;9428448358;B
20240118;105448;198.000000000;20;9428448561;B
20240118;105448;197.960000000;220;9428448589;S
20240118;105459;197.960000000;150;9428449464;S
20240118;105501;197.960000000;20;9428449609;S
20240118;105508;197.960000000;370;9428450619;S
20240118;105508;197.960000000;30;9428450620;S
20240118;105515;197.980000000;10;9428451257;B
20240118;105515;197.980000000;130;9428451258;B
20240118;105518;198.000000000;10;9428451505;B
20240118;105518;198.000000000;20;9428451535;B
20240118;105525;197.980000000;40;9428452085;S
20240118;105528;197.980000000;60;9428452355;S
20240118;105535;198.000000000;10;9428453109;B
20240118;105547;198.000000000;10;9428454256;B
20240118;105548;198.000000000;20;9428454302;B
20240118;105552;197.980000000;20;9428454730;S
20240118;105552;197.980000000;10;9428454731;S
20240118;105615;197.960000000;10;9428456828;S
20240118;105617;198.000000000;150;9428457106;B
20240118;105618;198.000000000;20;9428457245;B
20240118;105641;197.980000000;500;9428459929;B
20240118;105643;197.980000000;100;9428460184;B
20240118;105644;197.980000000;300;9428460239;B
20240118;105645;197.960000000;60;9428460327;S
20240118;105645;197.960000000;10;9428460328;S
20240118;105645;197.960000000;30;9428460329;S
20240118;105647;197.960000000;10;9428460442;S
20240118;105648;197.980000000;20;9428460614;B
20240118;105652;197.960000000;20;9428461108;S
20240118;105705;197.960000000;10;9428462810;S
20240118;105706;197.980000000;10;9428462881;B
20240118;105708;197.980000000;20;9428463222;B
20240118;105709;197.980000000;10;9428463286;B
20240118;105712;197.980000000;1540;9428463605;B
20240118;105712;197.980000000;130;9428463606;B
20240118;105714;198.000000000;50;9428463883;B
20240118;105718;198.000000000;20;9428464263;B
20240118;105720;198.000000000;500;9428464528;B
20240118;105726;198.000000000;2020;9428465322;B
20240118;105726;198.000000000;2720;9428465323;B
20240118;105726;198.000000000;10;9428465324;B
20240118;105726;198.000000000;10;9428465325;B
20240118;105726;198.000000000;10;9428465326;B
20240118;105726;198.000000000;20;9428465327;B
20240118;105726;198.000000000;20;9428465328;B
20240118;105726;198.000000000;10;9428465329;B
20240118;105727;198.000000000;10;9428465393;S
20240118;105741;198.100000000;10;9428466708;B
20240118;105748;198.140000000;20;9428467412;B
20240118;105812;198.180000000;120;9428469976;B
20240118;105818;198.200000000;20;9428470683;B
20240118;105829;198.180000000;10;9428471803;S
20240118;105835;198.180000000;10;9428472548;S
20240118;105836;198.180000000;60;9428472637;S
20240118;105838;198.200000000;70;9428472926;B
20240118;105838;198.200000000;10;9428472927;B
20240118;105838;198.200000000;10;9428472928;B
20240118;105838;198.300000000;10;9428472929;B
20240118;105838;198.300000000;60;9428472930;B
20240118;105838;198.300000000;30;9428472931;B
20240118;105848;198.320000000;20;9428474011;B
20240118;105903;198.340000000;20;9428475851;B
20240118;105903;198.340000000;30;9428475852;B
20240118;105903;198.360000000;50;9428475853;B
20240118;105903;198.360000000;500;9428475854;B
20240118;105903;198.360000000;20;9428475855;B
20240118;105903;198.360000000;100;9428475856;B
20240118;105903;198.360000000;120;9428475857;B
20240118;105903;198.380000000;1140;9428475858;B
20240118;105907;198.280000000;10;9428476237;S
20240118;105918;198.340000000;10;9428477362;B
20240118;105928;198.260000000;10;9428478514;S
20240118;105928;198.240000000;510;9428478515;S
20240118;105928;198.240000000;280;9428478516;S
20240118;105928;198.320000000;20;9428478633;B
20240118;105928;198.300000000;10;9428478726;B
20240118;105928;198.320000000;110;9428478727;B
20240118;105928;198.340000000;500;9428478728;B
20240118;105928;198.360000000;10;9428478729;B
20240118;105928;198.360000000;4550;9428478730;S
20240118;105928;198.360000000;1820;9428478731;S
20240118;105939;198.340000000;20;9428480020;S
20240118;105948;198.360000000;30;9428481269;B
20240118;110014;198.260000000;700;9428484731;S
20240118;110014;198.260000000;110;9428484732;S
20240118;110014;198.220000000;190;9428484733;S
20240118;110014;198.220000000;510;9428484888;S
20240118;110014;198.200000000;20;9428484889;S
20240118;110015;198.180000000;30;9428485149;S
20240118;110016;198.240000000;510;9428485359;B
20240118;110016;198.260000000;400;9428485360;B
20240118;110016;198.260000000;30;9428485361;B
20240118;110016;198.260000000;60;9428485362;B
20240118;110018;198.220000000;10;9428485584;S
20240118;110018;198.320000000;10;9428485616;B
20240118;110018;198.340000000;10;9428485617;B
20240118;110029;198.240000000;250;9428487742;B
20240118;110042;198.240000000;10;9428489603;B
20240118;110042;198.220000000;50;9428489667;S
20240118;110043;198.220000000;30;9428489785;S
20240118;110045;198.220000000;90;9428490085;S
20240118;110048;198.240000000;340;9428490525;B
20240118;110048;198.300000000;10;9428490567;B
20240118;110048;198.300000000;10;9428490568;B
20240118;110102;198.360000000;110;9428492817;B
20240118;110102;198.380000000;40;9428492818;B
20240118;110111;198.340000000;110;9428494253;B
20240118;110111;198.340000000;590;9428494254;S
20240118;110118;198.320000000;10;9428495451;B
20240118;110118;198.340000000;10;9428495452;B
20240118;110119;198.360000000;130;9428495561;B
20240118;110121;198.340000000;100;9428495940;S
20240118;110124;198.260000000;10;9428496551;S
20240118;110127;198.300000000;10;9428496984;B
20240118;110137;198.300000000;10;9428498606;B
20240118;110139;198.300000000;20;9428498846;B
20240118;110148;198.300000000;10;9428500434;B
20240118;110148;198.300000000;10;9428500435;B
20240118;110159;198.300000000;50;9428501833;B
20240118;110212;198.300000000;60;9428503572;S
20240118;110212;198.360000000;10;9428503573;B
20240118;110212;198.380000000;10;9428503574;B
20240118;110214;198.320000000;10;9428503953;S
20240118;110218;198.380000000;20;9428504455;B
20240118;110219;198.400000000;20;9428504483;B
20240118;110221;198.400000000;1000;9428504754;B
20240118;110222;198.400000000;770;9428504914;B
20240118;110222;198.400000000;100;9428504915;B
20240118;110222;198.400000000;130;9428504916;B
20240118;110222;198.360000000;150;9428504945;S
20240118;110222;198.360000000;100;9428504946;S
20240118;110222;198.340000000;510;9428504947;S
20240118;110222;198.340000000;520;9428504948;S
20240118;110222;198.340000000;510;9428504949;S
20240118;110225;198.340000000;210;9428505263;B
20240118;110225;198.380000000;40;9428505264;B
20240118;110239;198.400000000;610;9428506683;B
20240118;110248;198.400000000;20;9428508011;B
20240118;110254;198.400000000;500;9428508844;B
20240118;110256;198.320000000;70;9428509028;S
20240118;110259;198.400000000;90;9428509324;B
20240118;110302;198.400000000;30;9428509781;B
20240118;110306;198.320000000;10;9428510127;S
20240118;110318;198.400000000;20;9428511696;B
20240118;110319;198.400000000;10;9428511716;B
20240118;110320;198.400000000;50;9428511956;B
20240118;110323;198.320000000;40;9428512358;S
20240118;110325;198.380000000;30;9428512684;B
20240118;110327;198.380000000;30;9428512912;B
20240118;110339;198.380000000;20;9428514234;B
20240118;110339;198.380000000;20;9428514315;B
20240118;110341;198.380000000;10;9428514487;B
20240118;110348;198.380000000;10;9428515414;B
20240118;110348;198.380000000;10;9428515415;B
20240118;110359;198.380000000;10;9428516667;B
20240118;110415;198.300000000;500;9428518907;S
20240118;110418;198.340000000;20;9428519378;B
20240118;110419;198.340000000;70;9428519402;B
20240118;110426;198.340000000;170;9428520254;B
20240118;110426;198.380000000;10;9428520288;B
20240118;110439;198.380000000;30;9428522120;B
20240118;110443;198.380000000;10;9428522576;B
20240118;110458;198.360000000;20;9428524437;B
20240118;110459;198.360000000;10;9428524463;B
20240118;110500;198.340000000;140;9428524635;S
20240118;110505;198.360000000;150;9428525242;B
20240118;110518;198.360000000;30;9428526993;B
20240118;110519;198.360000000;40;9428527031;B
20240118;110529;198.340000000;10;9428528585;S
20240118;110529;198.360000000;20;9428528597;B
20240118;110529;198.360000000;90;9428528598;B
20240118;110529;198.360000000;150;9428528599;B
20240118;110529;198.380000000;240;9428528600;B
20240118;110538;198.380000000;100;9428529902;B
20240118;110539;198.380000000;90;9428529936;B
20240118;110541;198.380000000;10;9428530196;B
20240118;110548;198.360000000;20;9428531252;B
20240118;110550;198.340000000;180;9428531390;S
20240118;110550;198.300000000;620;9428531391;S
20240118;110559;198.340000000;80;9428532472;B
20240118;110559;198.340000000;50;9428532473;B
20240118;110613;198.340000000;10;9428535353;B
20240118;110617;198.320000000;10;9428535759;B
20240118;110618;198.320000000;20;9428535967;B
20240118;110619;198.320000000;50;9428536020;B
20240118;110627;198.320000000;10;9428537087;B
20240118;110639;198.320000000;10;9428538508;B
20240118;110648;198.320000000;20;9428539965;B
20240118;110653;198.300000000;10;9428540595;S
20240118;110658;198.320000000;10;9428541188;B
20240118;110659;198.320000000;10;9428541298;B
20240118;110659;198.300000000;50;9428541343;S
20240118;110659;198.300000000;510;9428541348;S
20240118;110707;198.320000000;100;9428542467;B
20240118;110708;198.300000000;50;9428542530;S
20240118;110711;198.300000000;20;9428542975;S
20240118;110715;198.300000000;10;9428543501;S
20240118;110718;198.320000000;20;9428543956;B
20240118;110719;198.320000000;110;9428543977;B
20240118;110729;198.320000000;140;9428545318;B
20240118;110729;198.340000000;90;9428545319;B
20240118;110729;198.340000000;40;9428545320;B
20240118;110729;198.360000000;490;9428545321;B
20240118;110731;198.380000000;10;9428545479;B
20240118;110737;198.380000000;10;9428546361;B
20240118;110739;198.360000000;20;9428546588;B
20240118;110739;198.380000000;100;9428546589;B
20240118;110748;198.320000000;20;9428547705;B
20240118;110751;198.320000000;10;9428548060;B
20240118;110756;198.320000000;10;9428548944;B
20240118;110759;198.320000000;10;9428549171;B
20240118;110801;198.300000000;20;9428549437;S
20240118;110818;198.320000000;20;9428551745;B
20240118;110818;198.300000000;100;9428551746;S
20240118;110818;198.300000000;400;9428551747;S
20240118;110818;198.300000000;10;9428551748;S
20240118;110818;198.300000000;50;9428551749;S
20240118;110819;198.300000000;90;9428551785;B
20240118;110824;198.300000000;90;9428552451;B
20240118;110835;198.320000000;10;9428553877;B
20240118;110835;198.300000000;10;9428553899;S
20240118;110838;198.300000000;90;9428554274;B
20240118;110839;198.300000000;10;9428554280;B
20240118;110839;198.300000000;10;9428554295;B
20240118;110848;198.300000000;20;9428555635;B
20240118;110859;198.300000000;20;9428556815;B
20240118;110904;198.300000000;90;9428557556;B
20240118;110904;198.300000000;90;9428557557;B
20240118;110904;198.300000000;10;9428557558;B
20240118;110904;198.320000000;10;9428557559;B
20240118;110906;198.320000000;10;9428557884;B
20240118;110918;198.300000000;20;9428559777;B
20240118;110919;198.320000000;40;9428559796;B
20240118;110923;198.320000000;50;9428560243;B
20240118;110929;198.320000000;10;9428561045;B
20240118;110930;198.320000000;10;9428561079;B
20240118;110930;198.280000000;10;9428561112;S
20240118;110939;198.300000000;10;9428562218;B
20240118;110948;198.300000000;20;9428563373;B
20240118;110950;198.320000000;20;9428563553;B
20240118;111005;198.300000000;10;9428565226;B
20240118;111014;198.300000000;20;9428566214;B
20240118;111015;198.300000000;10;9428566416;B
20240118;111018;198.300000000;20;9428566741;B
20240118;111018;198.300000000;40;9428566742;B
20240118;111018;198.320000000;90;9428566743;B
20240118;111019;198.320000000;30;9428566763;B
20240118;111028;198.320000000;20;9428568168;B
20240118;111029;198.320000000;100;9428568262;B
20240118;111031;198.320000000;30;9428568469;B
20240118;111031;198.320000000;20;9428568470;B
20240118;111031;198.320000000;80;9428568471;B
20240118;111039;198.380000000;40;9428569403;B
20240118;111048;198.360000000;100;9428570463;B
20240118;111048;198.360000000;30;9428570481;B
20240118;111059;198.360000000;20;9428571635;B
20240118;111103;198.360000000;180;9428572124;B
20240118;111103;198.380000000;90;9428572125;B
20240118;111103;198.400000000;140;9428572126;B
20240118;111103;198.400000000;10;9428572127;B
20240118;111103;198.400000000;80;9428572128;B
20240118;111118;198.400000000;20;9428574505;B
20240118;111119;198.400000000;80;9428574522;B
20240118;111141;198.380000000;10;9428576865;B
20240118;111148;198.360000000;20;9428577849;S
20240118;111148;198.380000000;20;9428577897;B
20240118;111153;198.380000000;10;9428578343;B
20240118;111159;198.380000000;10;9428578950;B
20240118;111205;198.380000000;10;9428579701;B
20240118;111214;198.380000000;10;9428580664;B
20240118;111218;198.380000000;20;9428581017;B
20240118;111244;198.380000000;30;9428584125;B
20240118;111244;198.360000000;10;9428584145;S
20240118;111245;198.360000000;20;9428584255;S
20240118;111248;198.380000000;20;9428584620;B
20240118;111254;198.380000000;420;9428585130;B
20240118;111254;198.380000000;10;9428585131;B
20240118;111254;198.380000000;50;9428585132;B
20240118;111254;198.400000000;20;9428585133;B
20240118;111255;198.360000000;10;9428585195;S
20240118;111259;198.400000000;90;9428585532;B
20240118;111301;198.400000000;10;9428585721;B
20240118;111318;198.400000000;20;9428587772;B
20240118;111319;198.400000000;10;9428587779;B
20240118;111327;198.360000000;40;9428588659;S
20240118;111328;198.360000000;10;9428588795;S
20240118;111328;198.360000000;10;9428588796;S
20240118;111342;198.340000000;10;9428590849;S
20240118;111342;198.320000000;20;9428590850;S
20240118;111348;198.380000000;20;9428591743;B
20240118;111351;198.320000000;10;9428592125;S
20240118;111357;198.380000000;90;9428593473;B
20240118;111359;198.380000000;30;9428593685;B
20240118;111406;198.320000000;10;9428595174;S
20240118;111406;198.320000000;10;9428595408;S
20240118;111410;198.320000000;100;9428596289;S
20240118;111413;198.320000000;510;9428596851;S
20240118;111418;198.380000000;20;9428597897;B
20240118;111419;198.380000000;90;9428597924;B
20240118;111425;198.380000000;10;9428599039;B
20240118;111433;198.380000000;80;9428599833;B
20240118;111433;198.380000000;320;9428599834;B
20240118;111434;198.340000000;10;9428600103;S
20240118;111439;198.400000000;70;9428600874;B
20240118;111446;198.400000000;200;9428602041;B
20240118;111447;198.400000000;10;9428602329;B
20240118;111448;198.400000000;20;9428602441;B
20240118;111459;198.360000000;30;9428604011;B
20240118;111502;198.360000000;400;9428604696;B
20240118;111511;198.340000000;200;9428605970;S
20240118;111514;198.340000000;10;9428606513;S
20240118;111515;198.360000000;30;9428606682;B
20240118;111518;198.360000000;40;9428607038;B
20240118;111518;198.380000000;60;9428607039;B
20240118;111518;198.380000000;20;9428607187;B
20240118;111519;198.380000000;110;9428607195;B
20240118;111528;198.340000000;40;9428608960;S
20240118;111528;198.340000000;10;9428608961;S
20240118;111539;198.360000000;10;9428610455;B
20240118;111550;198.340000000;50;9428611823;S
20240118;111558;198.340000000;20;9428613433;B
20240118;111559;198.340000000;10;9428613440;B
20240118;111600;198.320000000;10;9428613676;S
20240118;111600;198.320000000;10;9428613705;S
20240118;111609;198.340000000;40;9428614964;B
20240118;111611;198.320000000;310;9428615316;S
20240118;111618;198.340000000;30;9428616446;B
20240118;111619;198.340000000;60;9428616453;B
20240118;111620;198.340000000;10;9428616670;B
20240118;111621;198.320000000;10;9428616731;S
20240118;111621;198.320000000;10;9428616732;S
20240118;111622;198.340000000;30;9428616813;B
20240118;111622;198.360000000;50;9428616814;B
20240118;111624;198.320000000;10;9428617126;S
20240118;111624;198.300000000;10;9428617127;S
20240118;111624;198.300000000;170;9428617128;S
20240118;111625;198.300000000;110;9428617225;S
20240118;111630;198.360000000;40;9428617799;B
20240118;111630;198.360000000;80;9428617800;B
20240118;111630;198.360000000;10;9428617801;B
20240118;111639;198.360000000;20;9428618859;B
20240118;111639;198.360000000;10;9428618860;B
20240118;111639;198.380000000;60;9428618861;B
20240118;111640;198.300000000;20;9428619096;S
20240118;111641;198.340000000;20;9428619229;B
20240118;111641;198.340000000;80;9428619230;B
20240118;111649;198.340000000;20;9428620208;B
20240118;111649;198.300000000;700;9428620210;S
20240118;111649;198.300000000;10;9428620211;S
20240118;111649;198.280000000;10;9428620212;S
20240118;111649;198.280000000;150;9428620213;S
20240118;111649;198.260000000;50;9428620214;S
20240118;111649;198.260000000;1000;9428620215;S
20240118;111649;198.240000000;30;9428620216;S
20240118;111649;198.220000000;1000;9428620217;S
20240118;111649;198.200000000;100;9428620219;S
20240118;111649;198.200000000;10;9428620220;S
20240118;111649;198.180000000;4030;9428620222;S
20240118;111649;198.180000000;10;9428620223;S
20240118;111649;198.100000000;50;9428620226;B
20240118;111649;198.100000000;460;9428620227;B
20240118;111651;198.200000000;1000;9428620476;B
20240118;111659;198.180000000;510;9428621405;B
20240118;111659;198.200000000;10;9428621406;B
20240118;111659;198.200000000;500;9428621407;B
20240118;111659;198.220000000;290;9428621408;B
20240118;111704;198.120000000;10;9428621890;S
20240118;111704;198.080000000;70;9428621891;S
20240118;111704;198.060000000;510;9428621892;S
20240118;111704;198.040000000;1500;9428621893;S
20240118;111704;198.020000000;10;9428621894;S
20240118;111704;198.020000000;10;9428621895;S
20240118;111704;198.020000000;420;9428621896;S
20240118;111704;198.000000000;2790;9428621897;S
20240118;111705;198.140000000;10;9428622015;B
20240118;111719;198.160000000;20;9428623713;B
20240118;111719;198.160000000;490;9428623717;B
20240118;111719;198.160000000;310;9428623718;B
20240118;111735;198.140000000;250;9428632907;B
20240118;111735;198.140000000;250;9428632908;B
20240118;111738;198.140000000;500;9428634888;B
20240118;111739;198.140000000;150;9428635370;B
20240118;111749;198.140000000;20;9428641531;B
20240118;111751;198.140000000;1000;9428643216;B
20240118;111759;198.120000000;150;9428648296;B
20240118;111759;198.100000000;10;9428648446;S
20240118;111759;198.060000000;10;9428648822;S
20240118;111810;198.060000000;10;9428656403;S
20240118;111810;198.040000000;70;9428656404;S
20240118;111810;198.040000000;260;9428656405;S
20240118;111810;198.020000000;510;9428656406;S
20240118;111810;198.020000000;510;9428656407;S
20240118;111810;198.000000000;1230;9428656408;S
20240118;111810;198.000000000;980;9428656444;S
20240118;111810;198.000000000;10;9428656445;S
20240118;111810;198.000000000;100;9428656446;S
20240118;111810;198.000000000;10;9428656447;S
20240118;111810;198.000000000;10;9428656448;S
20240118;111810;198.000000000;850;9428656449;S
20240118;111816;198.060000000;10;9428660540;B
20240118;111816;198.080000000;990;9428660541;B
20240118;111816;198.080000000;10;9428660849;B
20240118;111819;198.080000000;20;9428662367;B
20240118;111819;198.080000000;840;9428662377;B
20240118;111849;198.100000000;10;9428683224;B
20240118;111849;198.120000000;10;9428683225;B
20240118;111859;198.140000000;10;9428691183;B
20240118;111919;198.140000000;20;9428707022;B
20240118;111926;198.040000000;10;9428713053;S
20240118;111931;198.080000000;3000;9428717155;S
20240118;111931;198.080000000;60;9428717156;S
20240118;111939;198.040000000;80;9428723256;B
20240118;111939;198.060000000;10;9428723257;B
20240118;111939;198.080000000;370;9428723258;B
20240118;111949;198.080000000;20;9428730717;B
20240118;111951;198.080000000;500;9428732985;B
20240118;111959;198.080000000;80;9428738693;B
20240118;112019;198.080000000;20;9428755031;B
20240118;112019;198.080000000;10;9428755541;B
20240118;112019;198.040000000;30;9428755579;S
20240118;112020;198.040000000;20;9428756532;S
20240118;112020;198.020000000;10;9428756533;S
20240118;112025;198.080000000;110;9428759758;B
20240118;112025;198.100000000;70;9428759759;B
20240118;112025;198.120000000;320;9428759760;B
20240118;112033;198.140000000;10;9428766633;B
20240118;112039;198.140000000;90;9428771073;B
20240118;112047;198.140000000;20;9428777122;B
20240118;112049;198.120000000;20;9428778681;B
20240118;112050;198.040000000;10;9428780198;S
20240118;112050;198.040000000;70;9428780199;S
20240118;112050;198.020000000;220;9428780200;S
20240118;112059;198.100000000;10;9428785936;B
20240118;112059;198.100000000;10;9428785937;B
20240118;112059;198.120000000;30;9428785938;B
20240118;112104;198.060000000;70;9428789560;S
20240118;112104;198.040000000;290;9428789561;S
20240118;112104;198.020000000;50;9428789562;S
20240118;112104;198.020000000;510;9428789563;S
20240118;112104;198.000000000;150;9428789564;S
20240118;112104;198.000000000;100;9428789565;S
20240118;112104;198.000000000;500;9428789566;S
20240118;112104;198.000000000;140;9428789567;S
20240118;112104;198.000000000;10;9428789568;S
20240118;112104;198.000000000;20;9428789569;S
20240118;112104;198.000000000;110;9428789570;S
20240118;112104;198.000000000;50;9428789571;S
20240118;112104;198.000000000;50;9428789572;S
20240118;112104;198.000000000;110;9428789573;S
20240118;112104;198.000000000;10;9428789574;S
20240118;112104;198.000000000;10;9428789575;S
20240118;112104;198.000000000;10;9428789576;S
20240118;112104;197.980000000;330;9428789577;S
20240118;112104;197.980000000;10;9428789578;S
20240118;112104;197.980000000;20;9428789579;S
20240118;112104;197.960000000;10;9428789580;S
20240118;112104;197.960000000;30;9428789581;S
20240118;112104;197.940000000;500;9428789582;S
20240118;112104;197.920000000;500;9428789583;S
20240118;112104;197.900000000;500;9428789584;S
20240118;112104;197.900000000;40;9428789585;S
20240118;112104;197.900000000;10;9428789586;S
20240118;112104;197.860000000;20;9428789587;S
20240118;112104;197.840000000;20;9428789588;S
20240118;112104;197.840000000;160;9428789589;S
20240118;112104;197.820000000;10;9428789590;S
20240118;112104;197.820000000;510;9428789591;S
20240118;112104;197.820000000;200;9428789592;S
20240118;112104;197.820000000;120;9428789593;S
20240118;112104;197.820000000;860;9428789594;B
20240118;112104;197.900000000;30;9428789648;S
20240118;112106;197.960000000;130;9428790929;S
20240118;112106;197.940000000;510;9428790930;S
20240118;112106;197.920000000;210;9428790931;S
20240118;112106;197.940000000;20;9428791075;S
20240118;112117;198.040000000;100;9428798300;B
20240118;112117;198.060000000;10;9428798301;B
20240118;112117;198.000000000;100;9428798708;S
20240118;112117;197.840000000;850;9428798709;S
20240118;112119;197.980000000;510;9428799530;B
20240118;112119;198.000000000;500;9428799531;B
20240118;112119;198.040000000;190;9428799532;B
20240118;112129;198.020000000;20;9428806288;B
20240118;112149;198.020000000;30;9428819204;B
20240118;112159;198.020000000;10;9428825954;B
20240118;112203;198.020000000;10;9428829241;B
20240118;112203;198.040000000;10;9428829242;B
20240118;112203;198.040000000;20;9428829243;B
20240118;112203;198.060000000;50;9428829244;B
20240118;112203;198.080000000;410;9428829245;B
20240118;112206;198.000000000;210;9428831975;S
20240118;112206;198.000000000;50;9428831976;S
20240118;112206;197.980000000;220;9428831977;S
20240118;112215;198.120000000;70;9428838519;B
20240118;112215;198.120000000;20;9428838520;B
20240118;112215;198.120000000;10;9428838521;B
20240118;112217;198.060000000;10;9428840300;S
20240118;112218;198.000000000;10;9428840757;S
20240118;112219;198.100000000;50;9428841713;B
20240118;112219;198.120000000;110;9428841714;B
20240118;112219;198.120000000;20;9428841724;B
20240118;112226;198.000000000;10;9428847814;S
20240118;112239;198.140000000;10;9428857458;B
20240118;112249;198.160000000;20;9428865151;B
20240118;112249;198.160000000;10;9428865686;B
20240118;112319;198.100000000;20;9428889034;B
20240118;112333;198.100000000;980;9428900571;B
20240118;112333;198.100000000;20;9428900572;B
20240118;112335;198.040000000;10;9428902548;S
20240118;112339;198.100000000;150;9428905262;B
20240118;112348;198.040000000;10;9428912625;S
20240118;112348;198.040000000;50;9428912626;S
20240118;112348;198.020000000;500;9428912627;S
20240118;112348;198.020000000;10;9428912628;S
20240118;112348;198.000000000;80;9428912629;S
20240118;112348;198.000000000;4910;9428912630;S
20240118;112348;198.000000000;1090;9428912634;S
20240118;112348;198.000000000;30;9428912635;S
20240118;112348;198.000000000;50;9428912636;S
20240118;112348;197.900000000;10;9428912675;S
20240118;112349;198.000000000;20;9428913119;B
20240118;112356;198.020000000;10;9428919577;S
20240118;112359;198.040000000;1020;9428921441;B
20240118;112401;197.920000000;10;9428923583;S
20240118;112401;197.920000000;50;9428923584;S
20240118;112401;197.900000000;90;9428923585;S
20240118;112401;197.900000000;150;9428923586;S
20240118;112401;197.900000000;200;9428923587;B
20240118;112419;198.040000000;10;9428936840;B
20240118;112419;198.040000000;70;9428936841;B
20240118;112419;198.060000000;10;9428936937;B
20240118;112419;198.060000000;10;9428936938;B
20240118;112430;197.960000000;10;9428944843;S
20240118;112449;198.080000000;20;9428957583;B
20240118;112519;198.080000000;20;9428978607;B
20240118;112531;198.000000000;40;9428988219;S
20240118;112536;198.000000000;20;9428992684;S
20240118;112539;198.100000000;10;9428994616;B
20240118;112541;198.000000000;40;9428996083;S
20240118;112541;198.000000000;40;9428996084;S
20240118;112541;198.000000000;90;9428996085;S
20240118;112541;198.000000000;10;9428996086;S
20240118;112541;198.000000000;1490;9428996087;B
20240118;112541;198.000000000;1860;9428996088;B
20240118;112541;198.000000000;410;9428996089;B
20240118;112547;198.080000000;50;9429000843;B
20240118;112549;198.080000000;20;9429002257;B
20240118;112552;198.100000000;30;9429005134;B
20240118;112559;198.100000000;610;9429010447;B
20240118;112602;198.040000000;40;9429013585;S
20240118;112605;198.100000000;10;9429015847;B
20240118;112619;198.100000000;10;9429026665;B
20240118;112629;198.100000000;20;9429034586;B
20240118;112630;198.100000000;10;9429036025;B
20240118;112634;198.100000000;20;9429039298;B
20240118;112639;198.100000000;10;9429042765;B
20240118;112649;198.100000000;30;9429050531;B
20240118;112719;198.100000000;20;9429075061;B
20240118;112730;198.100000000;10;9429084169;B
20240118;112731;198.100000000;20;9429085352;B
20240118;112732;198.100000000;40;9429085716;B
20240118;112732;198.100000000;60;9429085717;B
20240118;112738;198.080000000;20;9429089366;B
20240118;112739;198.080000000;30;9429089881;B
20240118;112739;198.080000000;20;9429090546;B
20240118;112745;198.080000000;10;9429094544;B
20240118;112749;198.100000000;20;9429096630;B
20240118;112758;198.100000000;10;9429103615;B
20240118;112801;198.060000000;20;9429105550;S
20240118;112804;198.100000000;20;9429107939;B
20240118;112804;198.100000000;30;9429107940;B
20240118;112811;198.100000000;100;9429112742;B
20240118;112819;198.100000000;30;9429117925;B
20240118;112819;198.100000000;20;9429117942;B
20240118;112820;198.100000000;50;9429119308;B
20240118;112839;198.100000000;10;9429131833;B
20240118;112840;198.100000000;10;9429132570;B
20240118;112843;198.060000000;20;9429134565;S
20240118;112849;198.100000000;20;9429138974;B
20240118;112849;198.060000000;10;9429138992;S
20240118;112850;198.100000000;1000;9429140362;B
20240118;112859;198.100000000;160;9429146783;B
20240118;112905;198.100000000;10;9429151879;B
20240118;112911;198.080000000;10;9429156737;S
20240118;112911;198.060000000;40;9429156738;S
20240118;112911;198.060000000;20;9429156739;S
20240118;112915;198.100000000;10;9429159740;B
20240118;112919;198.100000000;10;9429162787;B
20240118;112919;198.100000000;20;9429162812;B
20240118;112920;198.100000000;60;9429163679;B
20240118;112923;198.100000000;60;9429165782;B
20240118;112923;198.080000000;10;9429165788;S
20240118;112927;198.080000000;20;9429169688;S
20240118;112931;198.080000000;100;9429172894;S
20240118;112932;198.100000000;110;9429173693;B
20240118;112939;198.100000000;60;9429178790;B
