<DATE>;<TIME>;<LAST>;<VOL>;<ID>;<OPER>
20240126;095949;195.200000000;10;9468466516;B
20240126;095949;195.200000000;50;9468466517;B
20240126;095949;195.200000000;40;9468466518;B
20240126;095949;195.200000000;100;9468466519;S
20240126;095949;195.200000000;330;9468466520;S
20240126;095949;195.200000000;50;9468466521;B
20240126;095949;195.200000000;10;9468466522;B
20240126;095949;195.200000000;10;9468466523;B
20240126;095949;195.200000000;30;9468466524;B
20240126;095949;195.200000000;70;9468466525;B
20240126;095949;195.200000000;50;9468466526;S
20240126;095949;195.200000000;30;9468466527;S
20240126;095949;195.200000000;20;9468466528;S
20240126;095949;195.200000000;10;9468466529;S
20240126;095949;195.200000000;30;9468466530;S
20240126;095949;195.200000000;20;9468466531;S
20240126;095949;195.200000000;20;9468466532;S
20240126;095949;195.200000000;10;9468466533;S
20240126;095949;195.200000000;90;9468466534;S
20240126;095949;195.200000000;10;9468466535;S
20240126;095949;195.200000000;10;9468466536;S
20240126;095949;195.200000000;20;9468466537;S
20240126;095949;195.200000000;20;9468466538;S
20240126;095949;195.200000000;20;9468466539;S
20240126;095949;195.200000000;20;9468466540;S
20240126;095949;195.200000000;20;9468466541;S
20240126;095949;195.200000000;10;9468466542;S
20240126;095949;195.200000000;10;9468466543;S
20240126;095949;195.200000000;20;9468466544;S
20240126;095949;195.200000000;10;9468466545;S
20240126;095949;195.200000000;160;9468466546;B
20240126;095949;195.200000000;10;9468466547;B
20240126;095949;195.200000000;290;9468466548;B
20240126;095949;195.200000000;150;9468466549;B
20240126;095949;195.200000000;150;9468466550;B
20240126;095949;195.200000000;100;9468466551;B
20240126;095949;195.200000000;100;9468466552;B
20240126;095949;195.200000000;40;9468466553;B
20240126;095949;195.200000000;10;9468466554;S
20240126;095949;195.200000000;10;9468466555;S
20240126;095949;195.200000000;20;9468466556;S
20240126;095949;195.200000000;20;9468466557;S
20240126;095949;195.200000000;20;9468466558;S
20240126;095949;195.200000000;10;9468466559;S
20240126;095949;195.200000000;10;9468466560;S
20240126;095949;195.200000000;20;9468466561;S
20240126;095949;195.200000000;20;9468466562;S
20240126;095949;195.200000000;10;9468466563;S
20240126;095949;195.200000000;10;9468466564;S
20240126;095949;195.200000000;10;9468466565;S
20240126;095949;195.200000000;10;9468466566;S
20240126;095949;195.200000000;10;9468466567;S
20240126;095949;195.200000000;20;9468466568;S
20240126;095949;195.200000000;10;9468466569;S
20240126;095949;195.200000000;20;9468466570;S
20240126;095949;195.200000000;20;9468466571;S
20240126;095949;195.200000000;10;9468466572;S
20240126;095949;195.200000000;10;9468466573;S
20240126;095949;195.200000000;20;9468466574;S
20240126;095949;195.200000000;10;9468466575;S
20240126;095949;195.200000000;10;9468466576;S
20240126;095949;195.200000000;10;9468466577;S
20240126;095949;195.200000000;10;9468466578;S
20240126;095949;195.200000000;20;9468466579;B
20240126;095949;195.200000000;30;9468466580;B
20240126;095949;195.200000000;10;9468466581;B
20240126;095949;195.200000000;20;9468466582;B
20240126;095949;195.200000000;20;9468466583;S
20240126;095949;195.200000000;20;9468466584;S
20240126;095949;195.200000000;20;9468466585;S
20240126;095949;195.200000000;20;9468466586;S
20240126;095949;195.200000000;10;9468466587;S
20240126;095949;195.200000000;10;9468466588;S
20240126;095949;195.200000000;10;9468466589;S
20240126;095949;195.200000000;10;9468466590;S
20240126;095949;195.200000000;10;9468466591;S
20240126;095949;195.200000000;300;9468466592;S
20240126;095949;195.200000000;10;9468466593;B
20240126;100002;195.100000000;10;9468471680;S
20240126;100002;195.100000000;40;9468472441;S
20240126;100002;195.060000000;170;9468472442;S
20240126;100003;195.080000000;80;9468473082;S
20240126;100004;195.100000000;500;9468473375;B
20240126;100005;195.100000000;50;9468474515;B
20240126;100005;195.120000000;10;9468474516;B
20240126;100005;195.160000000;70;9468474519;B
20240126;100005;195.140000000;60;9468474520;B
20240126;100005;195.140000000;70;9468474524;B
20240126;100005;195.040000000;170;9468475208;S
20240126;100005;195.140000000;10;9468475254;B
20240126;100005;195.040000000;10;9468475561;S
20240126;100005;195.040000000;10;9468475562;S
20240126;100005;195.140000000;70;9468475753;B
20240126;100006;195.020000000;10;9468477045;S
20240126;100007;195.140000000;240;9468477567;B
20240126;100017;195.020000000;760;9468481081;S
20240126;100017;195.020000000;740;9468481082;S
20240126;100017;195.020000000;40;9468481183;S
20240126;100017;195.140000000;40;9468481299;B
20240126;100017;195.160000000;20;9468481300;B
20240126;100022;195.020000000;480;9468482433;S
20240126;100022;195.020000000;120;9468482434;S
20240126;100022;195.140000000;30;9468482565;B
20240126;100026;195.000000000;60;9468483474;S
20240126;100026;195.000000000;10;9468483475;S
20240126;100026;195.000000000;30;9468483476;S
20240126;100026;195.140000000;270;9468483546;B
20240126;100026;195.140000000;30;9468483547;B
20240126;100026;195.140000000;150;9468483548;B
20240126;100033;195.020000000;150;9468485396;S
20240126;100033;195.020000000;360;9468485397;S
20240126;100039;195.140000000;20;9468486480;B
20240126;100041;195.000000000;70;9468487052;S
20240126;100041;195.000000000;130;9468487053;S
20240126;100046;195.060000000;10;9468488410;S
20240126;100048;195.060000000;190;9468488761;S
20240126;100048;195.020000000;810;9468488762;S
20240126;100054;195.020000000;10;9468489973;S
20240126;100058;195.020000000;450;9468490764;S
20240126;100058;195.080000000;10;9468490834;B
20240126;100104;195.020000000;10;9468492013;S
20240126;100110;195.020000000;600;9468493172;S
20240126;100114;195.080000000;10;9468493812;B
20240126;100121;195.080000000;30;9468495183;B
20240126;100136;195.080000000;300;9468497694;B
20240126;100140;195.020000000;50;9468498389;S
20240126;100142;195.080000000;10;9468499271;B
20240126;100147;195.080000000;100;9468500191;B
20240126;100147;195.100000000;200;9468500192;B
20240126;100152;195.080000000;100;9468501094;S
20240126;100159;195.100000000;20;9468502545;B
20240126;100159;195.100000000;1000;9468502546;B
20240126;100205;195.120000000;10;9468503536;B
20240126;100218;195.120000000;1270;9468505680;B
20240126;100218;195.120000000;10;9468505681;B
20240126;100221;195.140000000;30;9468506056;B
20240126;100221;195.140000000;100;9468506066;B
20240126;100222;195.140000000;30;9468506121;B
20240126;100222;195.140000000;30;9468506202;B
20240126;100223;195.140000000;10;9468506284;B
20240126;100223;195.140000000;20;9468506285;B
20240126;100223;195.140000000;10;9468506290;B
20240126;100224;195.140000000;20;9468506493;B
20240126;100224;195.140000000;10;9468506494;B
20240126;100225;195.180000000;30;9468506564;B
20240126;100225;195.180000000;30;9468506605;B
20240126;100226;195.180000000;470;9468506680;B
20240126;100226;195.180000000;730;9468506681;B
20240126;100232;195.180000000;550;9468507807;B
20240126;100232;195.200000000;530;9468507808;B
20240126;100232;195.200000000;100;9468507809;B
20240126;100232;195.200000000;10;9468507810;B
20240126;100232;195.200000000;10;9468507811;B
20240126;100237;195.140000000;10;9468508497;B
20240126;100238;195.140000000;10;9468508564;B
20240126;100241;195.120000000;30;9468509022;S
20240126;100245;195.140000000;10;9468509550;B
20240126;100246;195.120000000;60;9468509736;S
20240126;100247;195.120000000;50;9468509943;S
20240126;100249;195.140000000;70;9468510133;B
20240126;100249;195.140000000;10;9468510134;B
20240126;100252;195.120000000;80;9468510509;S
20240126;100252;195.120000000;30;9468510510;S
20240126;100300;195.120000000;400;9468511681;B
20240126;100304;195.100000000;10;9468512272;S
20240126;100306;195.100000000;60;9468512639;S
20240126;100306;195.080000000;500;9468512640;S
20240126;100306;195.040000000;190;9468512641;S
20240126;100306;195.040000000;1070;9468512642;S
20240126;100306;195.020000000;180;9468512643;S
20240126;100310;195.040000000;530;9468513181;S
20240126;100310;195.040000000;500;9468513182;S
20240126;100310;195.040000000;100;9468513183;B
20240126;100311;195.040000000;10;9468513435;B
20240126;100312;195.040000000;10;9468513666;B
20240126;100317;195.020000000;380;9468514499;S
20240126;100321;195.020000000;2000;9468515371;S
20240126;100321;195.020000000;550;9468515372;S
20240126;100323;195.040000000;500;9468515676;B
20240126;100324;195.040000000;10;9468515742;B
20240126;100333;195.040000000;340;9468517912;B
20240126;100333;195.040000000;160;9468517913;B
20240126;100335;195.040000000;20;9468518271;B
20240126;100337;195.020000000;80;9468518581;S
20240126;100340;195.040000000;30;9468520027;B
20240126;100346;195.020000000;10;9468520987;S
20240126;100346;195.020000000;120;9468520988;S
20240126;100350;195.040000000;790;9468521755;B
20240126;100350;195.040000000;1000;9468521756;B
20240126;100350;195.040000000;100;9468521757;B
20240126;100359;195.020000000;70;9468523506;S
20240126;100359;195.020000000;30;9468523507;S
20240126;100402;195.040000000;1000;9468524050;B
20240126;100403;195.040000000;200;9468524165;B
20240126;100406;195.020000000;10;9468524722;S
20240126;100408;195.020000000;10;9468525117;S
20240126;100408;195.020000000;1000;9468525118;S
20240126;100408;195.000000000;170;9468525119;S
20240126;100408;195.000000000;20;9468525120;S
20240126;100408;195.000000000;20;9468525121;S
20240126;100408;195.000000000;20;9468525122;S
20240126;100408;195.000000000;20;9468525123;S
20240126;100408;195.000000000;20;9468525124;S
20240126;100408;195.000000000;20;9468525125;S
20240126;100408;195.000000000;10;9468525126;S
20240126;100408;195.000000000;10;9468525127;S
20240126;100408;195.000000000;10;9468525128;S
20240126;100408;195.000000000;10;9468525129;S
20240126;100408;195.000000000;10;9468525130;S
20240126;100408;195.000000000;10;9468525131;S
20240126;100408;195.000000000;10;9468525132;S
20240126;100408;195.000000000;10;9468525133;S
20240126;100408;195.000000000;20;9468525134;S
20240126;100408;195.000000000;10;9468525135;S
20240126;100408;195.000000000;700;9468525136;S
20240126;100408;195.000000000;10;9468525137;S
20240126;100408;195.000000000;10;9468525138;S
20240126;100408;195.000000000;10;9468525139;S
20240126;100408;195.000000000;1000;9468525140;S
20240126;100408;195.000000000;20;9468525141;S
20240126;100408;195.000000000;30;9468525142;S
20240126;100408;195.000000000;40;9468525143;S
20240126;100408;195.000000000;10;9468525144;S
20240126;100408;195.000000000;200;9468525145;S
20240126;100408;195.000000000;10;9468525146;S
20240126;100408;195.000000000;150;9468525147;S
20240126;100408;195.000000000;350;9468525149;S
20240126;100408;195.000000000;40;9468525150;S
20240126;100408;194.980000000;10;9468525183;S
20240126;100408;194.980000000;10;9468525184;S
20240126;100408;194.980000000;10;9468525185;S
20240126;100409;194.960000000;10;9468525228;S
20240126;100409;194.960000000;20;9468525229;S
20240126;100409;194.960000000;40;9468525230;S
20240126;100409;194.960000000;100;9468525231;S
20240126;100409;194.960000000;200;9468525232;S
20240126;100409;194.940000000;500;9468525233;S
20240126;100409;194.900000000;10;9468525242;S
20240126;100409;194.880000000;20;9468525243;S
20240126;100409;194.840000000;120;9468525244;S
20240126;100409;194.840000000;150;9468525248;S
20240126;100409;194.800000000;10;9468525249;S
20240126;100409;194.800000000;350;9468525250;S
20240126;100409;194.800000000;10;9468525252;S
20240126;100410;194.800000000;50;9468525385;S
20240126;100413;194.840000000;100;9468525880;B
20240126;100414;194.840000000;100;9468526042;B
20240126;100414;194.920000000;1860;9468526043;B
20240126;100414;194.920000000;520;9468526044;B
20240126;100414;194.920000000;500;9468526045;B
20240126;100414;194.920000000;250;9468526046;B
20240126;100414;194.940000000;190;9468526047;B
20240126;100414;194.940000000;690;9468526048;B
20240126;100414;194.920000000;190;9468526051;B
20240126;100426;194.820000000;400;9468528455;S
20240126;100428;194.920000000;10;9468528755;B
20240126;100432;194.920000000;10;9468529339;B
20240126;100437;194.840000000;600;9468530120;S
20240126;100439;194.900000000;10;9468530454;S
20240126;100439;194.840000000;400;9468530455;S
20240126;100439;194.840000000;500;9468530456;S
20240126;100439;194.840000000;90;9468530457;S
20240126;100442;194.820000000;10;9468531145;S
20240126;100444;194.800000000;100;9468531652;S
20240126;100445;194.860000000;20;9468531849;B
20240126;100455;194.800000000;10;9468533704;S
20240126;100456;194.800000000;2060;9468533825;S
20240126;100459;194.800000000;420;9468534301;S
20240126;100459;194.800000000;40;9468534302;S
20240126;100459;194.800000000;30;9468534303;S
20240126;100459;194.800000000;20;9468534304;S
20240126;100459;194.800000000;10;9468534305;S
20240126;100459;194.800000000;50;9468534306;S
20240126;100459;194.800000000;20;9468534307;S
20240126;100459;194.800000000;20;9468534308;S
20240126;100459;194.800000000;10;9468534309;S
20240126;100459;194.800000000;20;9468534310;S
20240126;100459;194.800000000;20;9468534311;S
20240126;100459;194.800000000;10;9468534312;S
20240126;100459;194.800000000;10;9468534313;S
20240126;100459;194.800000000;10;9468534314;S
20240126;100459;194.800000000;10;9468534315;S
20240126;100459;194.800000000;10;9468534316;S
20240126;100459;194.800000000;10;9468534317;S
20240126;100459;194.800000000;30;9468534318;S
20240126;100500;194.820000000;10;9468534490;B
20240126;100500;194.820000000;20;9468534491;B
20240126;100500;194.820000000;20;9468534492;B
20240126;100501;194.820000000;10;9468534543;B
20240126;100501;194.820000000;10;9468534651;B
20240126;100506;194.800000000;90;9468535477;S
20240126;100508;194.800000000;380;9468535963;S
20240126;100508;194.800000000;500;9468535964;S
20240126;100508;194.780000000;30;9468535965;S
20240126;100511;194.800000000;50;9468536457;B
20240126;100515;194.740000000;10;9468537358;S
20240126;100523;194.740000000;30;9468538518;S
20240126;100523;194.740000000;10;9468538519;S
20240126;100524;194.720000000;10;9468538579;S
20240126;100524;194.720000000;50;9468538580;S
20240126;100524;194.720000000;20;9468538581;S
20240126;100524;194.680000000;10;9468538582;S
20240126;100524;194.680000000;50;9468538583;S
20240126;100524;194.680000000;40;9468538624;S
20240126;100524;194.680000000;90;9468538625;S
20240126;100524;194.660000000;30;9468538626;S
20240126;100524;194.660000000;500;9468538627;S
20240126;100524;194.640000000;50;9468538628;S
20240126;100524;194.640000000;70;9468538629;S
20240126;100524;194.620000000;200;9468538630;S
20240126;100524;194.620000000;300;9468538631;S
20240126;100533;194.720000000;20;9468539955;S
20240126;100535;194.740000000;60;9468540345;B
20240126;100535;194.740000000;40;9468540346;B
20240126;100536;194.740000000;10;9468540521;B
20240126;100541;194.740000000;10;9468541162;B
20240126;100541;194.720000000;10;9468541196;S
20240126;100543;194.740000000;40;9468541504;B
20240126;100544;194.800000000;1500;9468541625;B
20240126;100545;194.860000000;100;9468541722;B
20240126;100545;194.900000000;30;9468541723;B
20240126;100550;194.820000000;50;9468542543;S
20240126;100556;194.820000000;80;9468543326;S
20240126;100556;194.800000000;1490;9468543327;S
20240126;100556;194.800000000;930;9468543328;S
20240126;100556;194.800000000;190;9468543329;S
20240126;100556;194.800000000;520;9468543330;S
20240126;100556;194.800000000;360;9468543331;B
20240126;100614;194.820000000;10;9468546357;B
20240126;100615;194.820000000;90;9468546510;B
20240126;100617;194.780000000;80;9468546888;S
20240126;100647;194.860000000;10;9468551100;B
20240126;100649;194.860000000;140;9468551487;B
20240126;100649;194.860000000;20;9468551488;B
20240126;100650;194.840000000;100;9468551502;S
20240126;100657;194.960000000;120;9468552481;B
20240126;100657;194.960000000;180;9468552552;B
20240126;100701;194.980000000;50;9468553279;B
20240126;100709;194.820000000;120;9468554684;S
20240126;100709;194.800000000;30;9468554685;S
20240126;100709;194.800000000;1030;9468554686;S
20240126;100709;194.800000000;500;9468554687;S
20240126;100709;194.780000000;120;9468554688;S
20240126;100709;194.780000000;10;9468554689;S
20240126;100709;194.780000000;10;9468554690;S
20240126;100709;194.780000000;180;9468554691;S
20240126;100711;194.820000000;20;9468554906;B
20240126;100713;194.820000000;10;9468555205;B
20240126;100716;194.820000000;10;9468555663;B
20240126;100716;194.780000000;20;9468555708;S
20240126;100716;194.760000000;1000;9468555709;S
20240126;100716;194.740000000;50;9468555710;S
20240126;100716;194.740000000;540;9468555711;S
20240126;100716;194.720000000;40;9468555712;S
20240126;100716;194.720000000;50;9468555713;S
20240126;100716;194.720000000;190;9468555714;S
20240126;100716;194.720000000;70;9468555715;S
20240126;100716;194.700000000;40;9468555716;S
20240126;100718;194.800000000;20;9468555975;B
20240126;100721;194.800000000;10;9468556463;B
20240126;100723;194.800000000;10;9468556725;B
20240126;100725;194.800000000;510;9468556949;B
20240126;100725;194.820000000;110;9468557013;B
20240126;100727;194.800000000;20;9468557361;S
20240126;100729;194.820000000;10;9468557542;B
20240126;100729;194.820000000;30;9468557543;B
20240126;100729;194.840000000;190;9468557544;B
20240126;100729;194.840000000;210;9468557545;B
20240126;100730;194.820000000;410;9468557807;S
20240126;100733;194.820000000;160;9468558238;S
20240126;100734;194.840000000;10;9468558391;B
20240126;100737;194.820000000;200;9468558862;S
20240126;100738;194.820000000;510;9468558961;S
20240126;100742;194.820000000;10;9468559561;B
20240126;100743;194.820000000;80;9468559788;B
20240126;100800;194.820000000;300;9468562146;B
20240126;100801;194.840000000;10;9468562422;B
20240126;100802;194.820000000;90;9468562550;S
20240126;100808;194.820000000;50;9468563661;S
20240126;100811;194.820000000;200;9468563919;S
20240126;100814;194.820000000;10;9468564415;S
20240126;100823;194.840000000;20;9468565499;B
20240126;100828;194.820000000;170;9468566013;S
20240126;100828;194.820000000;120;9468566014;S
20240126;100828;194.840000000;210;9468566015;B
20240126;100829;194.840000000;110;9468566310;B
20240126;100838;194.840000000;10;9468567667;B
20240126;100840;194.840000000;10;9468567794;B
20240126;100841;194.800000000;10;9468567952;S
20240126;100847;194.840000000;10;9468568993;B
20240126;100847;194.840000000;20;9468568996;B
20240126;100847;194.840000000;20;9468569008;B
20240126;100848;194.820000000;40;9468569121;S
20240126;100849;194.840000000;10;9468569217;B
20240126;100849;194.840000000;10;9468569325;B
20240126;100858;194.840000000;240;9468570401;B
20240126;100858;194.840000000;140;9468570402;B
20240126;100910;194.940000000;80;9468572140;B
20240126;100910;194.960000000;620;9468572141;B
20240126;100914;194.960000000;10;9468572630;B
20240126;100916;194.960000000;10;9468572886;B
20240126;100917;194.960000000;200;9468573035;B
20240126;100921;194.960000000;10;9468573525;S
20240126;100925;194.980000000;10;9468574144;B
20240126;100928;194.960000000;30;9468574559;S
20240126;100931;194.960000000;370;9468575072;S
20240126;100934;194.960000000;10;9468575472;S
20240126;100934;194.960000000;70;9468575503;S
20240126;100935;194.960000000;690;9468575540;S
20240126;100935;194.960000000;210;9468575541;S
20240126;100941;194.940000000;10;9468576518;S
20240126;100941;194.940000000;90;9468576519;S
20240126;100942;194.940000000;200;9468576673;B
20240126;100943;194.860000000;30;9468576741;S
20240126;100943;194.940000000;100;9468576789;B
20240126;100950;194.940000000;1860;9468577665;B
20240126;100950;194.940000000;520;9468577666;B
20240126;100950;194.940000000;40;9468577667;B
20240126;100950;194.960000000;990;9468577668;B
20240126;100950;194.980000000;220;9468577678;B
20240126;100951;194.960000000;200;9468577793;S
20240126;100953;194.980000000;70;9468578045;B
20240126;100953;194.980000000;80;9468578046;B
20240126;100953;195.000000000;1000;9468578047;B
20240126;100953;195.000000000;100;9468578048;B
20240126;100953;195.000000000;50;9468578049;B
20240126;100953;195.000000000;500;9468578050;B
20240126;101001;195.000000000;10;9468579277;S
20240126;101003;195.000000000;180;9468579583;S
20240126;101004;195.020000000;500;9468579957;B
20240126;101007;195.000000000;50;9468580438;S
20240126;101008;195.020000000;200;9468580568;B
20240126;101008;195.020000000;200;9468580715;B
20240126;101009;195.020000000;20;9468580771;B
20240126;101009;195.040000000;30;9468580772;B
20240126;101009;195.040000000;10;9468580793;B
20240126;101011;195.040000000;90;9468581025;B
20240126;101013;195.020000000;10;9468581280;S
20240126;101013;195.020000000;10;9468581281;S
20240126;101014;195.040000000;200;9468581421;B
20240126;101015;195.020000000;60;9468581489;S
20240126;101021;195.040000000;100;9468582379;B
20240126;101030;195.040000000;40;9468583751;B
20240126;101034;195.020000000;1000;9468584413;S
20240126;101036;195.020000000;350;9468584748;S
20240126;101038;195.040000000;1330;9468584936;B
20240126;101038;195.040000000;1590;9468584937;B
20240126;101038;195.040000000;80;9468584938;B
20240126;101048;195.040000000;410;9468586518;B
20240126;101048;195.040000000;590;9468586519;B
20240126;101052;195.040000000;10;9468587048;B
20240126;101052;195.040000000;400;9468587052;B
20240126;101052;195.040000000;100;9468587053;B
20240126;101052;195.040000000;550;9468587081;B
20240126;101052;195.040000000;350;9468587106;B
20240126;101052;195.040000000;200;9468587107;B
20240126;101055;195.040000000;800;9468587522;B
20240126;101055;195.040000000;200;9468587523;B
20240126;101106;195.020000000;30;9468589196;S
20240126;101108;195.020000000;390;9468589364;S
20240126;101114;195.040000000;20;9468590558;B
20240126;101115;195.040000000;550;9468590836;B
20240126;101116;195.040000000;230;9468590866;B
20240126;101116;195.040000000;320;9468590867;B
20240126;101116;195.040000000;550;9468590900;B
20240126;101117;195.040000000;130;9468591274;B
20240126;101117;195.040000000;420;9468591275;B
20240126;101118;195.040000000;550;9468591295;B
20240126;101119;195.020000000;10;9468591474;S
20240126;101125;195.020000000;60;9468592209;S
20240126;101125;195.020000000;70;9468592297;S
20240126;101128;195.020000000;1680;9468592747;S
20240126;101130;195.040000000;30;9468593020;B
20240126;101130;195.040000000;180;9468593021;B
20240126;101134;195.020000000;1310;9468593508;S
20240126;101139;195.040000000;1420;9468594505;B
20240126;101139;195.040000000;1000;9468594506;B
20240126;101140;195.020000000;130;9468594745;S
20240126;101151;195.040000000;10;9468596302;B
20240126;101152;195.040000000;10;9468596493;B
20240126;101155;195.040000000;2950;9468597182;B
20240126;101155;195.040000000;3000;9468597183;B
20240126;101155;195.040000000;50;9468597184;B
20240126;101158;195.040000000;200;9468597580;B
20240126;101202;195.040000000;10;9468598546;B
20240126;101207;195.040000000;10;9468599272;B
20240126;101211;195.020000000;180;9468599936;S
20240126;101219;195.040000000;10;9468601207;B
20240126;101220;195.040000000;20;9468601350;B
20240126;101232;195.040000000;80;9468603129;B
20240126;101232;195.040000000;100;9468603146;B
20240126;101232;195.040000000;400;9468603147;B
20240126;101237;195.020000000;30;9468603854;S
20240126;101242;195.020000000;1000;9468604411;S
20240126;101244;195.020000000;1790;9468604705;S
20240126;101251;195.020000000;1000;9468605727;S
20240126;101251;195.040000000;1000;9468605772;B
20240126;101251;195.040000000;1000;9468605773;B
20240126;101303;195.040000000;10;9468607393;B
20240126;101304;195.040000000;10;9468607531;B
20240126;101312;195.040000000;10;9468609421;B
20240126;101315;195.040000000;20;9468609723;B
20240126;101318;195.040000000;10;9468610116;B
20240126;101319;195.020000000;10;9468610315;S
20240126;101324;195.040000000;80;9468611248;B
20240126;101332;195.040000000;40;9468612474;B
20240126;101344;195.040000000;10;9468614139;B
20240126;101345;195.040000000;410;9468614233;B
20240126;101345;195.040000000;90;9468614234;B
20240126;101346;195.040000000;10;9468614416;B
20240126;101349;195.040000000;10;9468614944;B
20240126;101351;195.020000000;10;9468615162;S
20240126;101353;195.040000000;20;9468615500;B
20240126;101358;195.040000000;70;9468616160;B
20240126;101358;195.040000000;10;9468616186;B
20240126;101359;195.040000000;10;9468616293;B
20240126;101402;195.020000000;30;9468616713;S
20240126;101410;195.040000000;130;9468617711;B
20240126;101413;195.040000000;10;9468618097;B
20240126;101418;195.020000000;200;9468618776;S
20240126;101429;195.020000000;10;9468619980;S
20240126;101437;195.040000000;80;9468620983;B
20240126;101439;195.040000000;10;9468621194;B
20240126;101444;195.020000000;100;9468621805;S
20240126;101449;195.040000000;550;9468622630;B
20240126;101450;195.020000000;700;9468622706;S
20240126;101453;195.040000000;250;9468623093;B
20240126;101453;195.040000000;20;9468623161;B
20240126;101502;195.020000000;10;9468624366;S
20240126;101504;195.040000000;40;9468624594;B
20240126;101505;195.020000000;170;9468624876;S
20240126;101505;195.020000000;3850;9468624962;S
20240126;101507;195.020000000;10;9468625319;S
20240126;101508;195.040000000;100;9468625370;B
20240126;101511;195.040000000;20;9468625931;B
20240126;101512;195.020000000;120;9468626183;S
20240126;101519;195.020000000;180;9468627375;S
20240126;101525;195.020000000;200;9468628712;S
20240126;101530;195.040000000;50;9468629856;B
20240126;101531;195.040000000;70;9468630193;B
20240126;101542;195.020000000;10;9468632967;S
20240126;101543;195.020000000;2000;9468633109;S
20240126;101546;195.040000000;10;9468633896;B
20240126;101548;195.020000000;12360;9468634133;S
20240126;101548;195.020000000;20;9468634134;S
20240126;101548;195.020000000;5700;9468634135;S
20240126;101548;195.020000000;20;9468634136;S
20240126;101548;195.020000000;10;9468634137;S
20240126;101548;195.020000000;400;9468634138;S
20240126;101548;195.020000000;170;9468634139;S
20240126;101548;195.020000000;30;9468634140;S
20240126;101549;195.020000000;100;9468634537;B
20240126;101555;195.020000000;1190;9468635717;B
20240126;101555;195.020000000;770;9468635718;B
20240126;101555;195.020000000;1400;9468635719;B
20240126;101555;195.020000000;520;9468635720;B
20240126;101555;195.020000000;40;9468635721;B
20240126;101555;195.040000000;440;9468635722;B
20240126;101555;195.040000000;690;9468635723;B
20240126;101600;195.020000000;40;9468636528;B
20240126;101602;195.000000000;460;9468636966;S
20240126;101602;195.000000000;10;9468636967;S
20240126;101602;195.000000000;10;9468636968;S
20240126;101602;195.000000000;70;9468636969;S
20240126;101604;195.000000000;2000;9468637501;S
20240126;101605;195.000000000;650;9468637591;S
20240126;101605;195.000000000;2400;9468637700;S
20240126;101605;195.000000000;10;9468637701;S
20240126;101605;195.000000000;30;9468637702;S
20240126;101605;195.000000000;50;9468637703;S
20240126;101605;195.000000000;200;9468637704;S
20240126;101605;195.000000000;10;9468637705;S
20240126;101605;195.000000000;570;9468637706;S
20240126;101605;195.000000000;10;9468637707;S
20240126;101605;195.000000000;10;9468637708;S
20240126;101605;195.000000000;1570;9468637709;S
20240126;101606;195.000000000;150;9468637857;S
20240126;101607;195.000000000;2000;9468638018;S
20240126;101607;195.000000000;2000;9468638129;S
20240126;101608;195.000000000;2500;9468638209;S
20240126;101608;195.020000000;10;9468638288;B
20240126;101611;195.000000000;1000;9468639171;S
20240126;101611;195.000000000;10;9468639278;S
20240126;101617;195.020000000;10;9468640110;B
20240126;101619;195.000000000;370;9468640438;S
20240126;101619;195.000000000;130;9468640439;S
20240126;101619;195.000000000;60;9468640525;S
20240126;101619;195.000000000;10;9468640544;S
20240126;101620;195.020000000;300;9468640617;B
20240126;101620;195.020000000;150;9468640717;B
20240126;101620;195.020000000;150;9468640718;B
20240126;101620;195.020000000;230;9468640782;B
20240126;101620;195.020000000;70;9468640783;B
20240126;101620;195.000000000;10;9468640801;S
20240126;101622;195.000000000;10;9468641175;S
20240126;101625;195.020000000;10;9468641600;B
20240126;101626;195.000000000;10;9468641796;S
20240126;101632;195.000000000;10;9468642494;S
20240126;101634;195.000000000;10;9468642838;S
20240126;101635;195.000000000;10;9468643040;S
20240126;101639;195.000000000;290;9468643722;S
20240126;101639;195.000000000;110;9468643723;S
20240126;101644;195.000000000;10;9468644541;S
20240126;101644;195.000000000;60;9468644587;S
20240126;101653;195.000000000;1000;9468645849;S
20240126;101654;195.020000000;440;9468646067;B
20240126;101654;195.020000000;250;9468646068;B
20240126;101654;195.020000000;310;9468646069;B
20240126;101655;195.020000000;100;9468646212;B
20240126;101656;195.020000000;10;9468646283;B
20240126;101658;195.020000000;80;9468646580;B
20240126;101705;195.000000000;230;9468647868;B
20240126;101707;195.000000000;90;9468648384;B
20240126;101707;195.000000000;90;9468648437;B
20240126;101708;195.000000000;10;9468648572;B
20240126;101713;194.940000000;200;9468649466;S
20240126;101713;194.920000000;80;9468649534;S
20240126;101717;194.900000000;500;9468650297;S
20240126;101720;194.900000000;10;9468650959;S
20240126;101722;194.900000000;250;9468651256;S
20240126;101724;194.980000000;10;9468651646;B
20240126;101732;194.920000000;10;9468653182;S
20240126;101732;194.920000000;190;9468653183;S
20240126;101735;194.980000000;20;9468653937;B
20240126;101741;194.980000000;100;9468655126;B
20240126;101746;194.980000000;10;9468655976;B
20240126;101805;194.900000000;100;9468659594;S
20240126;101805;194.900000000;10;9468659595;S
20240126;101805;194.900000000;3540;9468659596;S
20240126;101806;194.900000000;200;9468659759;S
20240126;101807;194.900000000;10;9468660067;B
20240126;101814;194.900000000;40;9468661941;B
20240126;101816;194.900000000;30;9468662329;B
20240126;101818;194.880000000;10;9468662840;S
20240126;101818;194.880000000;100;9468662841;S
20240126;101818;194.880000000;90;9468662842;S
20240126;101819;194.900000000;40;9468662904;B
20240126;101826;194.900000000;100;9468664123;B
20240126;101827;194.880000000;10;9468664236;S
20240126;101827;194.860000000;10;9468664237;S
20240126;101827;194.860000000;10;9468664238;S
20240126;101827;194.860000000;10;9468664239;S
20240126;101827;194.860000000;760;9468664240;S
20240126;101842;194.860000000;20;9468666546;B
20240126;101859;194.820000000;500;9468669507;S
20240126;101916;194.820000000;20;9468672605;S
20240126;101921;194.880000000;20;9468673559;B
20240126;101923;194.820000000;500;9468673798;S
20240126;101923;194.820000000;100;9468673821;S
20240126;101932;194.820000000;20;9468676314;S
20240126;101933;194.820000000;500;9468676442;S
20240126;101937;194.880000000;750;9468677108;B
20240126;101937;194.880000000;130;9468677109;B
20240126;101937;194.880000000;120;9468677110;B
20240126;102000;194.860000000;10;9468680080;B
20240126;102001;194.860000000;1050;9468680324;S
20240126;102005;194.860000000;20;9468680849;S
20240126;102006;194.860000000;40;9468680988;S
20240126;102007;194.860000000;260;9468681281;S
20240126;102007;194.880000000;40;9468681298;B
20240126;102008;194.860000000;2630;9468681501;S
20240126;102008;194.860000000;10;9468681504;S
20240126;102008;194.860000000;10;9468681527;S
20240126;102008;194.860000000;20;9468681603;S
20240126;102008;194.860000000;10;9468681625;S
20240126;102008;194.860000000;400;9468681626;S
20240126;102009;194.860000000;10;9468681747;S
20240126;102009;194.860000000;80;9468681773;S
20240126;102009;194.860000000;10;9468681774;S
20240126;102009;194.860000000;10;9468681826;S
20240126;102009;194.860000000;10;9468681827;S
20240126;102009;194.860000000;280;9468681857;S
20240126;102010;194.860000000;10;9468681880;S
20240126;102010;194.860000000;2410;9468681957;S
20240126;102010;194.860000000;10;9468682002;S
20240126;102010;194.860000000;100;9468682004;S
20240126;102011;194.860000000;10;9468682039;S
20240126;102011;194.860000000;10;9468682064;S
20240126;102011;194.860000000;80;9468682094;S
20240126;102011;194.860000000;40;9468682103;S
20240126;102012;194.860000000;150;9468682334;S
20240126;102012;194.860000000;100;9468682337;S
20240126;102016;194.860000000;20;9468682885;S
20240126;102016;194.860000000;10;9468682926;S
20240126;102016;194.860000000;10;9468683016;S
20240126;102017;194.880000000;10;9468683146;B
20240126;102019;194.880000000;10;9468683493;B
20240126;102019;194.860000000;10;9468683494;S
20240126;102023;194.880000000;10;9468684125;B
20240126;102023;194.860000000;2180;9468684126;S
20240126;102023;194.860000000;2670;9468684127;S
20240126;102027;194.860000000;10;9468684662;S
20240126;102028;194.820000000;80;9468684883;S
20240126;102028;194.840000000;40;9468684951;B
20240126;102028;194.860000000;260;9468684952;B
20240126;102028;194.860000000;240;9468684974;B
20240126;102030;194.860000000;300;9468685143;S
20240126;102030;194.840000000;2400;9468685144;S
20240126;102030;194.820000000;40;9468685145;S
20240126;102032;194.880000000;20;9468685710;B
20240126;102048;194.840000000;20;9468687904;S
20240126;102055;194.840000000;60;9468688909;S
20240126;102112;194.840000000;40;9468691391;S
20240126;102112;194.840000000;300;9468691392;S
20240126;102113;194.840000000;10;9468691545;B
20240126;102120;194.840000000;40;9468692670;B
20240126;102128;194.820000000;1100;9468693929;S
20240126;102138;194.840000000;130;9468695194;B
20240126;102138;194.840000000;480;9468695197;B
20240126;102154;194.860000000;30;9468697654;S
20240126;102157;194.860000000;10;9468698101;S
20240126;102200;194.900000000;580;9468698643;B
20240126;102200;194.900000000;10;9468698644;B
20240126;102200;194.900000000;70;9468698645;B
20240126;102200;194.920000000;30;9468698646;B
20240126;102203;194.960000000;380;9468698914;B
20240126;102203;194.920000000;60;9468698995;S
20240126;102204;194.980000000;20;9468699023;B
20240126;102209;194.980000000;1710;9468699762;B
20240126;102209;194.980000000;770;9468699775;B
20240126;102209;195.000000000;1000;9468699776;B
20240126;102209;195.000000000;10;9468699777;B
20240126;102209;195.000000000;20;9468699778;B
20240126;102209;195.020000000;1000;9468699779;B
20240126;102209;195.020000000;20;9468699780;B
20240126;102209;195.040000000;1500;9468699781;B
20240126;102209;195.040000000;1000;9468699782;B
20240126;102209;195.040000000;500;9468699783;B
20240126;102209;195.040000000;1280;9468699784;B
20240126;102209;195.040000000;500;9468699785;B
20240126;102209;195.040000000;1000;9468699786;B
20240126;102209;195.040000000;860;9468699789;B
20240126;102211;195.040000000;140;9468700047;B
20240126;102211;195.040000000;240;9468700048;B
20240126;102214;195.040000000;600;9468700366;B
20240126;102214;195.040000000;1190;9468700367;B
20240126;102224;195.020000000;130;9468701879;B
20240126;102225;195.020000000;50;9468701928;S
20240126;102226;195.040000000;50;9468702124;B
20240126;102228;195.040000000;300;9468702369;B
20240126;102228;195.040000000;300;9468702428;B
20240126;102229;195.040000000;740;9468702659;B
20240126;102229;195.040000000;150;9468702660;B
20240126;102229;195.040000000;200;9468702661;B
20240126;102231;195.020000000;300;9468703123;S
20240126;102231;195.020000000;750;9468703124;S
20240126;102254;194.980000000;30;9468706079;B
20240126;102257;194.980000000;10;9468706433;B
20240126;102258;194.960000000;30;9468706671;S
20240126;102301;194.960000000;10;9468706912;S
20240126;102301;194.960000000;1040;9468706913;S
20240126;102304;194.980000000;220;9468707471;B
20240126;102316;194.980000000;10;9468709271;B
20240126;102317;194.940000000;30;9468709529;S
20240126;102323;194.980000000;10;9468710292;B
20240126;102327;194.980000000;130;9468710815;B
20240126;102327;194.980000000;10;9468710816;B
20240126;102331;194.960000000;40;9468711157;S
20240126;102331;194.960000000;260;9468711158;S
20240126;102331;194.960000000;760;9468711159;S
20240126;102333;194.960000000;200;9468711383;S
20240126;102340;194.980000000;290;9468712294;B
20240126;102344;194.980000000;10;9468712710;B
20240126;102351;194.980000000;10;9468713638;B
20240126;102357;194.960000000;10;9468714493;B
20240126;102357;194.940000000;10;9468714619;S
20240126;102401;194.900000000;500;9468715050;S
20240126;102401;194.900000000;550;9468715051;S
20240126;102405;194.960000000;620;9468715903;B
20240126;102422;194.960000000;10;9468717891;B
20240126;102431;194.900000000;30;9468719243;S
20240126;102431;194.900000000;1020;9468719244;S
20240126;102439;194.880000000;10;9468720396;S
20240126;102439;194.880000000;70;9468720397;S
20240126;102440;194.880000000;10;9468720554;S
20240126;102441;194.880000000;20;9468720691;S
20240126;102447;194.960000000;20;9468721533;B
20240126;102447;194.880000000;40;9468721598;S
20240126;102456;194.900000000;310;9468723397;S
20240126;102459;194.900000000;20;9468723895;S
20240126;102501;194.900000000;950;9468724224;S
20240126;102501;194.900000000;110;9468724225;S
20240126;102519;194.920000000;260;9468727042;B
20240126;102523;194.900000000;100;9468727685;S
20240126;102523;194.880000000;10;9468727686;S
20240126;102523;194.880000000;10;9468727687;S
20240126;102523;194.880000000;20;9468727688;S
20240126;102523;194.880000000;260;9468727689;S
20240126;102531;194.860000000;300;9468728741;S
20240126;102531;194.840000000;500;9468728742;S
20240126;102531;194.840000000;250;9468728743;S
20240126;102532;194.840000000;1620;9468728836;S
20240126;102532;194.820000000;5810;9468728837;S
20240126;102532;194.820000000;50;9468728838;S
20240126;102532;194.820000000;10;9468728839;S
20240126;102532;194.820000000;2400;9468728840;S
20240126;102532;194.820000000;110;9468728841;B
20240126;102540;194.840000000;10;9468729877;B
20240126;102543;194.840000000;20;9468730420;B
20240126;102543;194.900000000;190;9468730421;B
20240126;102543;194.900000000;20;9468730422;S
20240126;102601;194.900000000;20;9468732784;S
20240126;102601;194.900000000;20;9468732785;S
20240126;102601;194.900000000;770;9468732786;S
20240126;102601;194.900000000;10;9468732787;S
20240126;102601;194.880000000;230;9468732788;S
20240126;102628;194.940000000;1000;9468736649;B
20240126;102631;194.900000000;50;9468736989;S
20240126;102631;194.900000000;520;9468736990;S
20240126;102631;194.900000000;490;9468736991;S
20240126;102638;194.900000000;10;9468738011;S
20240126;102641;194.900000000;170;9468738592;S
20240126;102641;194.920000000;10;9468738593;B
20240126;102644;194.940000000;1000;9468739006;B
20240126;102649;194.960000000;10;9468739916;B
20240126;102649;194.980000000;100;9468739917;B
20240126;102649;194.980000000;540;9468739993;B
20240126;102651;194.980000000;20;9468740287;B
20240126;102656;194.980000000;1000;9468740881;B
20240126;102701;194.960000000;360;9468741502;S
20240126;102701;194.960000000;520;9468741503;S
20240126;102701;194.940000000;170;9468741504;S
20240126;102710;194.960000000;150;9468742484;S
20240126;102710;194.960000000;150;9468742485;S
20240126;102716;194.960000000;40;9468743241;S
20240126;102716;194.960000000;2470;9468743242;S
20240126;102722;194.960000000;10;9468744154;B
20240126;102731;194.940000000;810;9468745581;S
20240126;102731;194.920000000;50;9468745582;S
20240126;102731;194.920000000;190;9468745583;S
20240126;102750;194.900000000;50;9468748800;S
20240126;102755;194.980000000;20;9468749813;B
20240126;102755;194.980000000;20;9468749814;B
20240126;102755;194.980000000;1160;9468749815;B
20240126;102801;194.900000000;20;9468750845;S
20240126;102801;194.900000000;1040;9468750846;S
20240126;102802;194.980000000;10;9468751112;B
20240126;102806;194.900000000;10;9468751695;S
20240126;102806;194.880000000;10;9468751696;S
20240126;102806;194.880000000;520;9468751697;S
20240126;102806;194.880000000;120;9468751698;S
20240126;102806;194.880000000;1390;9468751699;S
20240126;102821;194.880000000;100;9468754414;S
20240126;102826;194.860000000;30;9468755706;S
20240126;102831;194.860000000;490;9468756488;S
20240126;102831;194.840000000;400;9468756489;S
20240126;102831;194.840000000;160;9468756490;S
20240126;102837;194.860000000;10;9468757391;S
20240126;102839;194.900000000;10;9468757725;B
20240126;102854;194.900000000;50;9468760678;B
20240126;102855;194.900000000;30;9468760887;B
20240126;102900;194.900000000;20;9468761801;B
20240126;102900;194.900000000;80;9468761807;B
20240126;102900;194.900000000;80;9468761823;B
20240126;102901;194.960000000;300;9468762087;B
20240126;102901;194.940000000;1060;9468762151;S
20240126;102901;194.960000000;300;9468762165;B
20240126;102901;194.960000000;260;9468762222;B
20240126;102901;194.960000000;300;9468762256;B
20240126;102902;194.960000000;100;9468762467;B
20240126;102903;194.960000000;10;9468762551;B
20240126;102903;194.960000000;10;9468762630;B
20240126;102903;194.960000000;100;9468762700;B
20240126;102906;194.940000000;220;9468763092;S
20240126;102906;194.920000000;280;9468763093;S
20240126;102909;194.960000000;990;9468763581;B
20240126;102927;194.960000000;40;9468765839;B
20240126;102929;194.940000000;510;9468766246;S
20240126;102931;194.940000000;10;9468766495;S
20240126;102931;194.920000000;300;9468766496;S
20240126;102931;194.920000000;740;9468766497;S
20240126;102932;194.900000000;100;9468766712;S
20240126;102944;194.940000000;20;9468768618;S
20240126;102955;194.920000000;40;9468770157;S
20240126;103001;194.920000000;260;9468771503;S
20240126;103001;194.900000000;20;9468771504;S
20240126;103001;194.900000000;770;9468771505;S
20240126;103010;194.960000000;60;9468773263;B
20240126;103017;194.960000000;10;9468774419;B
20240126;103019;194.960000000;50;9468774656;B
20240126;103023;194.960000000;470;9468775272;B
20240126;103023;194.960000000;40;9468775273;B
20240126;103023;194.980000000;10;9468775274;B
20240126;103023;194.980000000;140;9468775275;B
20240126;103023;194.980000000;20;9468775276;B
20240126;103023;195.000000000;720;9468775277;B
20240126;103030;194.940000000;10;9468776200;S
20240126;103030;194.940000000;20;9468776201;S
20240126;103030;194.940000000;80;9468776202;S
20240126;103031;194.920000000;520;9468776332;S
20240126;103031;194.920000000;80;9468776333;S
20240126;103031;194.900000000;460;9468776334;S
20240126;103031;194.920000000;60;9468776604;S
20240126;103049;194.940000000;10;9468779757;S
20240126;103049;194.920000000;460;9468779758;S
20240126;103049;194.920000000;520;9468779759;S
20240126;103049;194.920000000;10;9468779760;S
20240126;103058;194.960000000;10;9468781591;B
20240126;103058;194.960000000;10;9468781592;B
20240126;103059;194.940000000;10;9468781740;S
20240126;103059;194.960000000;10;9468781862;B
20240126;103100;194.920000000;10;9468782022;S
20240126;103100;194.920000000;10;9468782023;S
20240126;103101;194.940000000;770;9468782108;S
20240126;103101;194.920000000;280;9468782109;S
20240126;103111;194.940000000;10;9468783623;S
20240126;103112;194.960000000;10;9468783768;B
20240126;103113;194.980000000;100;9468783930;B
20240126;103117;194.980000000;40;9468784440;B
20240126;103117;194.980000000;250;9468784441;B
20240126;103117;194.980000000;250;9468784442;B
20240126;103117;194.980000000;20;9468784443;B
20240126;103117;194.980000000;10;9468784444;B
20240126;103117;194.980000000;50;9468784445;B
20240126;103117;195.000000000;380;9468784446;B
20240126;103129;195.000000000;10;9468786208;B
20240126;103131;194.960000000;10;9468786439;S
20240126;103131;194.960000000;770;9468786440;S
20240126;103131;194.960000000;270;9468786441;S
20240126;103138;194.940000000;10;9468787459;S
20240126;103138;194.940000000;20;9468787460;S
20240126;103138;194.940000000;210;9468787461;S
20240126;103141;194.940000000;10;9468787847;S
20240126;103146;194.940000000;250;9468788738;S
20240126;103201;194.980000000;300;9468790993;B
20240126;103201;194.980000000;300;9468791044;B
20240126;103201;194.940000000;50;9468791103;S
20240126;103201;194.920000000;520;9468791104;S
20240126;103201;194.920000000;490;9468791105;S
20240126;103207;194.980000000;20;9468792004;B
20240126;103207;194.980000000;30;9468792005;B
20240126;103217;194.960000000;10;9468793608;B
20240126;103217;194.960000000;10;9468793609;B
20240126;103231;194.960000000;50;9468796102;S
20240126;103231;194.940000000;1000;9468796103;S
20240126;103301;194.940000000;10;9468800431;S
20240126;103301;194.940000000;10;9468800432;S
20240126;103301;194.940000000;100;9468800433;S
20240126;103301;194.940000000;20;9468800434;S
20240126;103301;194.940000000;190;9468800435;S
20240126;103301;194.920000000;520;9468800436;S
20240126;103301;194.920000000;200;9468800437;S
20240126;103306;194.920000000;200;9468801043;S
20240126;103311;194.960000000;10;9468801982;B
20240126;103311;194.960000000;10;9468801983;B
20240126;103311;194.980000000;10;9468801984;B
20240126;103311;194.980000000;20;9468801985;B
20240126;103321;194.980000000;10;9468803668;B
20240126;103323;194.980000000;10;9468803818;B
20240126;103323;194.980000000;770;9468803819;B
20240126;103323;194.980000000;300;9468803820;B
20240126;103323;194.980000000;20;9468803821;B
20240126;103323;194.980000000;20;9468803822;B
20240126;103324;194.980000000;100;9468803941;S
20240126;103325;194.980000000;100;9468804133;S
20240126;103330;195.000000000;10;9468804795;B
20240126;103331;194.980000000;680;9468804946;S
20240126;103331;194.960000000;10;9468804947;S
20240126;103331;194.960000000;10;9468804948;S
20240126;103331;194.960000000;360;9468804949;S
20240126;103331;194.960000000;340;9468804952;S
20240126;103350;194.960000000;10;9468807331;S
20240126;103353;194.980000000;200;9468807761;B
20240126;103357;194.980000000;10;9468808245;B
20240126;103357;194.980000000;190;9468808246;B
20240126;103401;194.960000000;10;9468808929;S
20240126;103401;194.960000000;10;9468808930;S
20240126;103401;194.940000000;10;9468808931;S
20240126;103401;194.940000000;10;9468808932;S
20240126;103401;194.940000000;900;9468808933;S
20240126;103401;194.920000000;20;9468808934;S
20240126;103401;194.900000000;90;9468808935;S
20240126;103422;194.980000000;10;9468812520;B
20240126;103431;194.940000000;10;9468813575;S
20240126;103431;194.920000000;300;9468813576;S
20240126;103431;194.900000000;740;9468813577;S
20240126;103454;194.900000000;710;9468816623;S
20240126;103501;194.940000000;100;9468817893;S
20240126;103501;194.920000000;300;9468817894;S
20240126;103501;194.900000000;210;9468817895;S
20240126;103501;194.880000000;100;9468817896;S
20240126;103501;194.860000000;190;9468817897;S
20240126;103501;194.860000000;160;9468817898;S
20240126;103503;194.940000000;10;9468818204;B
20240126;103505;194.820000000;10;9468818492;S
20240126;103522;194.840000000;10;9468820800;S
20240126;103529;194.920000000;1860;9468821969;B
20240126;103529;194.920000000;30;9468821970;B
20240126;103529;194.940000000;470;9468821971;B
20240126;103529;194.940000000;20;9468821972;B
20240126;103529;194.940000000;1330;9468821973;B
20240126;103529;194.940000000;500;9468821974;B
20240126;103529;194.960000000;300;9468821975;B
20240126;103529;194.960000000;250;9468821976;B
20240126;103529;194.960000000;100;9468821977;B
20240126;103531;194.860000000;1050;9468822252;S
20240126;103543;194.940000000;10;9468824063;B
20240126;103548;194.900000000;10;9468824790;S
20240126;103548;194.900000000;10;9468824791;S
20240126;103550;194.880000000;20;9468825077;S
20240126;103551;194.860000000;100;9468825213;S
20240126;103553;194.860000000;410;9468825557;S
20240126;103553;194.840000000;90;9468825558;S
20240126;103553;194.840000000;1500;9468825559;S
20240126;103558;194.880000000;10;9468826236;B
20240126;103601;194.820000000;100;9468826742;S
20240126;103601;194.820000000;10;9468826743;S
20240126;103601;194.820000000;10;9468826744;S
20240126;103601;194.800000000;10;9468826745;S
20240126;103601;194.800000000;20;9468826746;S
20240126;103601;194.800000000;10;9468826747;S
20240126;103601;194.800000000;300;9468826748;S
20240126;103601;194.780000000;590;9468826749;S
20240126;103616;194.780000000;10;9468829290;S
20240126;103616;194.780000000;90;9468829291;S
20240126;103616;194.780000000;400;9468829364;S
20240126;103616;194.780000000;600;9468829365;S
20240126;103620;194.780000000;10;9468830011;S
20240126;103621;194.780000000;100;9468830077;S
20240126;103628;194.780000000;660;9468830860;S
20240126;103628;194.780000000;100;9468830861;S
20240126;103628;194.760000000;20;9468830862;S
20240126;103628;194.760000000;80;9468830863;S
20240126;103631;194.780000000;30;9468831515;S
20240126;103631;194.780000000;10;9468831516;S
20240126;103631;194.760000000;730;9468831517;S
20240126;103631;194.760000000;100;9468831518;S
20240126;103631;194.760000000;190;9468831519;S
20240126;103635;194.740000000;100;9468832115;S
20240126;103701;194.740000000;100;9468835989;S
20240126;103701;194.740000000;510;9468835990;S
20240126;103701;194.740000000;440;9468835991;S
20240126;103708;194.740000000;100;9468837116;S
20240126;103708;194.720000000;40;9468837117;S
20240126;103716;194.780000000;10;9468838483;B
20240126;103717;194.780000000;10;9468838708;B
20240126;103726;194.740000000;30;9468840002;S
20240126;103726;194.800000000;50;9468840119;B
20240126;103726;194.800000000;10;9468840120;B
20240126;103726;194.800000000;10;9468840121;B
20240126;103726;194.800000000;70;9468840122;B
20240126;103731;194.760000000;10;9468840942;S
20240126;103731;194.740000000;490;9468840943;S
20240126;103731;194.740000000;10;9468840944;S
20240126;103731;194.740000000;550;9468840945;S
20240126;103745;194.740000000;10;9468842743;S
20240126;103746;194.740000000;10;9468842846;S
20240126;103753;194.800000000;30;9468843943;B
20240126;103758;194.800000000;10;9468844624;B
20240126;103801;194.740000000;30;9468845165;S
20240126;103801;194.740000000;390;9468845166;S
20240126;103801;194.720000000;630;9468845167;S
20240126;103811;194.740000000;50;9468846436;S
20240126;103830;194.780000000;20;9468848626;B
20240126;103831;194.740000000;50;9468848849;S
20240126;103831;194.740000000;10;9468848850;S
20240126;103831;194.720000000;1000;9468848851;S
20240126;103845;194.780000000;10;9468850327;B
20240126;103849;194.780000000;10;9468850750;B
20240126;103851;194.780000000;10;9468851022;B
20240126;103853;194.740000000;10;9468851319;S
20240126;103858;194.740000000;30;9468851919;S
20240126;103902;194.720000000;590;9468852379;S
20240126;103902;194.720000000;50;9468852380;S
20240126;103902;194.720000000;100;9468852381;S
20240126;103902;194.720000000;300;9468852382;S
20240126;103902;194.720000000;10;9468852383;S
20240126;103906;194.720000000;30;9468852929;S
20240126;103906;194.700000000;10;9468852930;S
20240126;103906;194.700000000;30;9468852982;S
20240126;103906;194.700000000;970;9468852983;S
20240126;103907;194.760000000;200;9468853088;B
20240126;103921;194.760000000;10;9468854730;B
20240126;103923;194.760000000;300;9468855030;B
20240126;103923;194.760000000;20;9468855032;B
20240126;103932;194.720000000;300;9468856225;S
20240126;103932;194.720000000;10;9468856226;S
20240126;103932;194.700000000;30;9468856227;S
20240126;103932;194.700000000;710;9468856228;S
20240126;103939;194.700000000;600;9468856941;S
20240126;103948;194.700000000;130;9468857920;S
20240126;103948;194.700000000;10;9468857921;S
20240126;103948;194.700000000;1000;9468857922;S
20240126;103948;194.700000000;10;9468857923;S
20240126;103948;194.700000000;10;9468857924;S
20240126;103948;194.700000000;60;9468857925;S
20240126;103948;194.700000000;10;9468857926;S
20240126;103948;194.700000000;580;9468857927;S
20240126;103948;194.700000000;10;9468857928;S
20240126;103948;194.700000000;100;9468857929;S
20240126;103948;194.700000000;10;9468857930;S
20240126;103948;194.700000000;10;9468857931;S
20240126;103948;194.680000000;60;9468857932;S
20240126;103950;194.720000000;10;9468858158;B
20240126;103959;194.720000000;240;9468859023;B
20240126;103959;194.740000000;10;9468859024;B
20240126;104002;194.700000000;20;9468859209;S
20240126;104002;194.700000000;10;9468859210;S
20240126;104002;194.680000000;1030;9468859211;S
20240126;104007;194.680000000;10;9468859758;S
20240126;104009;194.680000000;2640;9468859919;S
20240126;104012;194.760000000;50;9468860342;B
20240126;104024;194.700000000;40;9468861507;B
20240126;104024;194.700000000;160;9468861508;B
20240126;104026;194.700000000;840;9468861853;B
20240126;104026;194.720000000;160;9468861854;B
20240126;104027;194.720000000;500;9468861931;B
20240126;104027;194.720000000;500;9468861932;B
20240126;104027;194.760000000;920;9468861933;B
20240126;104027;194.760000000;50;9468861934;B
20240126;104027;194.760000000;50;9468861935;B
20240126;104027;194.780000000;150;9468861936;B
20240126;104027;194.780000000;1860;9468861937;B
20240126;104027;194.780000000;1860;9468861938;B
20240126;104027;194.780000000;770;9468861939;B
20240126;104027;194.780000000;1000;9468861959;S
20240126;104028;194.800000000;10;9468862037;B
20240126;104031;194.780000000;10;9468862411;S
20240126;104048;194.780000000;400;9468864334;S
20240126;104051;194.780000000;500;9468864723;S
20240126;104055;194.780000000;10;9468865285;S
20240126;104059;194.800000000;160;9468865765;B
20240126;104059;194.780000000;30;9468865768;S
20240126;104100;194.800000000;10;9468865870;B
20240126;104104;194.800000000;1000;9468866424;B
20240126;104107;194.780000000;450;9468866967;S
20240126;104108;194.800000000;20;9468867095;B
20240126;104108;194.800000000;130;9468867096;B
20240126;104115;194.800000000;10;9468868050;B
20240126;104119;194.800000000;10;9468868649;B
20240126;104126;194.780000000;240;9468869604;S
20240126;104127;194.780000000;2000;9468869712;S
20240126;104134;194.800000000;50;9468870634;B
20240126;104134;194.800000000;30;9468870635;B
20240126;104134;194.800000000;590;9468870636;B
20240126;104137;194.820000000;2000;9468871061;B
20240126;104141;194.820000000;1000;9468871560;B
20240126;104142;194.800000000;300;9468871604;S
20240126;104142;194.800000000;2860;9468871605;S
20240126;104144;194.800000000;160;9468871856;S
20240126;104148;194.820000000;1000;9468872449;B
20240126;104153;194.820000000;1000;9468873243;B
20240126;104153;194.820000000;880;9468873244;B
20240126;104158;194.820000000;1000;9468874150;B
20240126;104202;194.800000000;610;9468874591;S
20240126;104202;194.800000000;450;9468874592;S
20240126;104202;194.800000000;20;9468874683;S
20240126;104202;194.800000000;20;9468874684;S
20240126;104203;194.820000000;1000;9468874770;B
20240126;104209;194.820000000;60;9468875571;B
20240126;104214;194.820000000;50;9468876346;B
20240126;104222;194.820000000;20;9468877674;B
20240126;104229;194.820000000;10;9468878740;B
20240126;104232;194.800000000;730;9468879130;S
20240126;104232;194.800000000;320;9468879131;S
20240126;104234;194.780000000;150;9468879396;S
20240126;104244;194.780000000;1000;9468880896;S
20240126;104244;194.780000000;750;9468880904;S
20240126;104251;194.800000000;20;9468881875;B
20240126;104257;194.800000000;10;9468882508;B
20240126;104259;194.780000000;50;9468882764;S
20240126;104259;194.780000000;2500;9468883069;S
20240126;104302;194.740000000;1050;9468883470;S
20240126;104310;194.760000000;10;9468884604;S
20240126;104310;194.760000000;460;9468884605;S
20240126;104311;194.780000000;20;9468884884;B
20240126;104311;194.800000000;10;9468884885;B
20240126;104318;194.780000000;60;9468885831;S
20240126;104319;194.780000000;10;9468885971;S
20240126;104332;194.780000000;160;9468887882;S
20240126;104332;194.780000000;900;9468887883;S
20240126;104339;194.780000000;3300;9468888594;S
20240126;104345;194.740000000;10;9468889262;B
20240126;104349;194.740000000;10;9468889902;B
20240126;104349;194.740000000;10;9468889928;B
20240126;104351;194.720000000;50;9468890228;S
20240126;104351;194.720000000;50;9468890229;S
20240126;104351;194.720000000;80;9468890230;S
20240126;104354;194.740000000;740;9468890865;B
20240126;104354;194.740000000;260;9468890866;B
20240126;104354;194.720000000;20;9468890867;S
20240126;104357;194.740000000;740;9468891302;B
20240126;104357;194.740000000;210;9468891303;B
20240126;104358;194.760000000;40;9468891402;B
20240126;104359;194.720000000;10;9468891611;S
20240126;104359;194.760000000;100;9468891649;B
20240126;104402;194.720000000;760;9468892181;S
20240126;104402;194.720000000;50;9468892182;S
20240126;104402;194.720000000;10;9468892183;S
20240126;104402;194.700000000;10;9468892184;S
20240126;104402;194.700000000;220;9468892185;S
20240126;104403;194.700000000;80;9468892434;S
20240126;104403;194.700000000;170;9468892435;S
20240126;104403;194.700000000;1750;9468892436;S
20240126;104410;194.700000000;2000;9468893406;S
20240126;104410;194.700000000;130;9468893407;S
20240126;104412;194.760000000;6700;9468893785;B
20240126;104412;194.740000000;200;9468893847;S
20240126;104416;194.740000000;10;9468894479;S
20240126;104420;194.740000000;10;9468895141;S
20240126;104425;194.760000000;1000;9468895823;B
20240126;104425;194.740000000;10;9468895869;S
20240126;104425;194.740000000;960;9468895870;S
20240126;104428;194.760000000;1000;9468896077;B
20240126;104431;194.760000000;1000;9468896375;B
20240126;104432;194.740000000;40;9468896516;S
20240126;104432;194.740000000;770;9468896517;S
20240126;104432;194.740000000;250;9468896518;S
20240126;104435;194.760000000;1000;9468896838;B
20240126;104442;194.740000000;770;9468897712;S
20240126;104442;194.740000000;100;9468897713;S
20240126;104442;194.720000000;1000;9468897714;S
20240126;104442;194.720000000;950;9468897715;S
20240126;104444;194.740000000;10;9468898042;B
20240126;104446;194.740000000;30;9468898531;S
20240126;104446;194.740000000;70;9468898532;S
20240126;104458;194.740000000;10;9468900943;B
20240126;104502;194.720000000;1050;9468901553;S
20240126;104503;194.720000000;240;9468901718;S
20240126;104505;194.740000000;10;9468902051;B
20240126;104505;194.720000000;30;9468902108;S
20240126;104511;194.740000000;10;9468902877;B
20240126;104514;194.720000000;30;9468903420;S
20240126;104515;194.720000000;20;9468903546;S
20240126;104517;194.740000000;10;9468903721;B
20240126;104521;194.760000000;1000;9468904283;B
20240126;104525;194.760000000;10;9468904847;B
20240126;104527;194.760000000;2000;9468905095;B
20240126;104529;194.740000000;10;9468905451;S
20240126;104531;194.760000000;1000;9468905760;B
20240126;104532;194.740000000;980;9468905852;S
20240126;104532;194.740000000;80;9468905853;S
20240126;104541;194.760000000;100;9468907300;B
20240126;104545;194.740000000;30;9468907723;S
20240126;104555;194.760000000;1000;9468909072;B
20240126;104558;194.760000000;10;9468909473;B
20240126;104559;194.760000000;1000;9468909551;B
20240126;104602;194.740000000;70;9468909948;S
20240126;104602;194.740000000;670;9468909949;S
20240126;104602;194.740000000;310;9468909950;S
20240126;104603;194.760000000;1000;9468910084;B
20240126;104604;194.760000000;7000;9468910141;B
20240126;104604;194.760000000;1740;9468910142;B
20240126;104604;194.780000000;150;9468910270;B
20240126;104609;194.840000000;10;9468910958;B
20240126;104609;194.840000000;160;9468910959;B
20240126;104609;194.860000000;150;9468910960;B
20240126;104609;194.880000000;10;9468910961;B
20240126;104609;194.900000000;10;9468910962;B
20240126;104609;194.900000000;70;9468910963;B
20240126;104609;194.900000000;10;9468910964;B
20240126;104610;194.900000000;1000;9468911152;B
20240126;104611;194.900000000;500;9468911325;B
20240126;104611;194.900000000;420;9468911337;B
20240126;104614;194.920000000;10;9468911661;B
20240126;104614;194.920000000;210;9468911662;B
20240126;104614;194.960000000;250;9468911860;B
20240126;104615;194.960000000;500;9468911882;B
20240126;104623;194.960000000;30;9468913200;B
20240126;104624;194.960000000;120;9468913316;B
20240126;104624;195.000000000;10;9468913320;B
20240126;104624;195.000000000;40;9468913321;B
20240126;104624;195.000000000;20;9468913322;B
20240126;104625;195.000000000;60;9468913480;B
20240126;104625;195.000000000;20;9468913481;B
20240126;104626;195.020000000;10;9468913531;B
20240126;104627;195.040000000;240;9468913748;B
20240126;104629;195.040000000;50;9468914022;B
20240126;104630;195.020000000;90;9468914142;S
20240126;104630;195.040000000;30;9468914200;B
20240126;104632;195.020000000;1060;9468914459;S
20240126;104636;195.040000000;6990;9468914938;B
20240126;104636;195.040000000;10;9468914939;B
20240126;104640;195.040000000;10;9468915318;B
20240126;104645;195.040000000;100;9468915802;B
20240126;104648;195.020000000;570;9468916147;S
20240126;104649;195.040000000;10;9468916242;B
20240126;104650;195.040000000;20;9468916515;B
20240126;104702;195.020000000;1050;9468918223;S
20240126;104703;195.020000000;50;9468918452;S
20240126;104709;195.040000000;10;9468919289;B
20240126;104710;195.020000000;40;9468919468;S
20240126;104712;195.040000000;100;9468919949;B
20240126;104713;195.020000000;5840;9468920057;S
20240126;104713;195.020000000;850;9468920058;S
20240126;104713;194.960000000;1000;9468920059;S
20240126;104713;194.960000000;310;9468920060;S
20240126;104722;195.020000000;100;9468921349;B
20240126;104727;195.020000000;100;9468922236;B
20240126;104732;194.940000000;1050;9468922749;S
20240126;104732;195.020000000;100;9468922810;B
20240126;104754;195.020000000;100;9468925601;B
20240126;104759;195.020000000;10;9468926624;B
20240126;104801;195.020000000;60;9468926851;B
20240126;104802;195.000000000;100;9468926912;S
20240126;104802;194.980000000;950;9468926913;S
20240126;104802;195.020000000;10;9468926929;B
20240126;104811;195.000000000;100;9468927996;B
20240126;104811;195.020000000;220;9468927997;B
20240126;104811;195.020000000;40;9468927998;B
20240126;104811;195.040000000;2560;9468927999;B
20240126;104811;195.040000000;300;9468928000;B
20240126;104821;195.020000000;100;9468928966;B
20240126;104821;195.000000000;100;9468929005;S
20240126;104821;194.980000000;100;9468929006;S
20240126;104821;194.980000000;20;9468929007;S
20240126;104821;194.980000000;2700;9468929008;S
20240126;104821;194.960000000;20;9468929009;S
20240126;104821;194.960000000;30;9468929010;S
20240126;104821;194.940000000;560;9468929011;S
20240126;104821;194.920000000;1610;9468929012;S
20240126;104826;194.900000000;10;9468929928;S
20240126;104826;194.900000000;90;9468929929;S
20240126;104832;194.880000000;300;9468930959;S
20240126;104832;194.860000000;760;9468930960;S
20240126;104902;194.900000000;400;9468935023;S
20240126;104902;194.880000000;520;9468935024;S
20240126;104902;194.880000000;130;9468935025;S
20240126;104908;194.940000000;10;9468935803;B
20240126;104908;194.960000000;10;9468935804;B
20240126;104916;194.960000000;10;9468937548;B
20240126;104931;194.940000000;20;9468939603;S
20240126;104932;194.940000000;380;9468939736;S
20240126;104932;194.940000000;470;9468939737;S
20240126;104932;194.920000000;200;9468939738;S
20240126;104938;194.980000000;10;9468940412;B
20240126;104949;194.920000000;200;9468942352;S
20240126;104949;194.920000000;10;9468942353;S
20240126;104949;194.900000000;310;9468942354;S
20240126;105002;194.900000000;90;9468944026;S
20240126;105002;194.900000000;40;9468944027;S
20240126;105002;194.900000000;400;9468944028;S
20240126;105002;194.880000000;10;9468944029;S
20240126;105002;194.880000000;200;9468944030;S
20240126;105002;194.880000000;320;9468944031;S
20240126;105004;194.900000000;10;9468944325;B
20240126;105004;194.860000000;120;9468944356;S
20240126;105006;194.900000000;10;9468944686;B
20240126;105008;194.880000000;70;9468944980;S
20240126;105016;194.900000000;10;9468946219;B
20240126;105020;194.900000000;10;9468946675;S
20240126;105022;194.900000000;20;9468947120;S
20240126;105024;194.920000000;120;9468947468;S
20240126;105027;194.940000000;10;9468947845;B
20240126;105027;194.940000000;10;9468947846;B
20240126;105027;194.940000000;20;9468947847;B
20240126;105032;194.920000000;280;9468948555;S
20240126;105032;194.920000000;770;9468948556;S
20240126;105037;194.940000000;10;9468949126;B
20240126;105048;194.900000000;10;9468950716;S
20240126;105049;194.920000000;10;9468950763;B
20240126;105057;194.900000000;370;9468951694;S
20240126;105057;194.900000000;20;9468951695;S
20240126;105058;194.900000000;90;9468951823;B
20240126;105059;194.880000000;330;9468951947;S
20240126;105059;194.880000000;670;9468951948;S
20240126;105102;194.880000000;330;9468952256;S
20240126;105102;194.860000000;730;9468952257;S
20240126;105112;194.860000000;30;9468953335;S
20240126;105128;194.880000000;100;9468954432;B
20240126;105128;194.880000000;670;9468954537;B
20240126;105128;194.880000000;50;9468954538;B
20240126;105128;194.900000000;350;9468954539;B
20240126;105132;194.860000000;1050;9468954878;S
20240126;105132;194.900000000;100;9468954891;B
20240126;105133;194.860000000;10;9468954925;S
20240126;105137;194.880000000;100;9468955293;B
20240126;105144;194.880000000;10;9468956003;B
20240126;105146;194.880000000;30;9468956098;B
20240126;105147;194.880000000;100;9468956194;B
20240126;105156;194.880000000;20;9468956933;B
20240126;105156;194.880000000;100;9468956955;B
20240126;105158;194.880000000;100;9468957103;B
20240126;105202;194.860000000;1050;9468957445;S
20240126;105202;194.880000000;10;9468957446;B
20240126;105203;194.880000000;100;9468957467;B
20240126;105205;194.880000000;200;9468957746;B
20240126;105208;194.860000000;50;9468958017;S
20240126;105228;194.880000000;100;9468960775;B
20240126;105230;194.880000000;100;9468960963;B
20240126;105232;194.860000000;1060;9468961470;S
20240126;105235;194.860000000;20;9468961770;S
20240126;105241;194.880000000;40;9468962289;B
20240126;105241;194.880000000;10;9468962290;B
20240126;105241;194.880000000;770;9468962291;B
20240126;105242;194.880000000;10;9468962472;S
20240126;105243;194.900000000;10;9468962641;B
20240126;105243;194.900000000;10;9468962642;B
20240126;105247;194.900000000;100;9468962973;B
20240126;105249;194.880000000;10;9468963047;S
20240126;105252;194.900000000;20;9468963274;B
20240126;105258;194.900000000;10;9468963692;B
20240126;105258;194.900000000;100;9468963759;B
20240126;105259;194.900000000;200;9468963822;B
20240126;105302;194.880000000;60;9468964511;S
20240126;105302;194.880000000;990;9468964512;S
20240126;105327;194.900000000;100;9468966592;B
20240126;105332;194.880000000;1050;9468967033;S
20240126;105342;194.880000000;30;9468968678;B
20240126;105342;194.900000000;1270;9468968679;B
20240126;105342;194.940000000;50;9468968680;B
20240126;105342;194.940000000;500;9468968681;B
20240126;105342;194.960000000;750;9468968682;B
20240126;105345;194.880000000;910;9468969211;S
20240126;105345;194.860000000;4300;9468969212;S
20240126;105402;194.880000000;1060;9468972151;S
20240126;105405;194.960000000;300;9468972663;B
20240126;105405;194.960000000;540;9468972664;B
20240126;105405;194.960000000;200;9468972665;B
20240126;105405;194.960000000;520;9468972666;B
20240126;105405;194.980000000;220;9468972667;B
20240126;105405;194.980000000;5000;9468972668;B
20240126;105424;194.980000000;10;9468975178;S
20240126;105432;194.980000000;410;9468976264;S
20240126;105432;194.980000000;640;9468976265;S
20240126;105432;195.000000000;500;9468976266;B
20240126;105433;195.000000000;30;9468976332;B
20240126;105433;195.000000000;10;9468976333;B
20240126;105433;195.020000000;10;9468976334;B
20240126;105433;195.020000000;10;9468976335;B
20240126;105433;195.020000000;20;9468976336;B
20240126;105451;195.000000000;20;9468978014;S
20240126;105451;195.000000000;430;9468978015;S
20240126;105502;195.020000000;10;9468978883;B
20240126;105502;195.020000000;500;9468978884;B
20240126;105502;195.040000000;460;9468978885;B
20240126;105502;195.040000000;20;9468978886;B
20240126;105502;195.000000000;1050;9468978937;S
20240126;105526;195.040000000;10;9468980804;B
20240126;105532;195.000000000;500;9468981761;S
20240126;105532;195.000000000;560;9468981762;S
20240126;105533;194.980000000;30;9468981796;S
20240126;105533;195.000000000;40;9468981805;B
20240126;105537;194.980000000;80;9468982473;S
20240126;105538;195.000000000;10;9468982636;B
20240126;105542;195.000000000;50;9468983184;B
20240126;105542;195.000000000;20;9468983264;B
20240126;105543;195.000000000;10;9468983324;B
20240126;105549;195.020000000;10;9468983941;B
20240126;105558;195.020000000;10;9468985349;B
20240126;105559;195.000000000;10;9468985652;S
20240126;105559;195.000000000;20;9468985653;S
20240126;105600;195.020000000;20;9468985810;B
20240126;105603;195.000000000;1050;9468986128;S
20240126;105604;195.020000000;60;9468986243;B
20240126;105604;195.000000000;30;9468986302;S
20240126;105605;195.020000000;10;9468986608;B
20240126;105606;195.000000000;20;9468986707;S
20240126;105610;195.020000000;100;9468987025;B
20240126;105614;195.020000000;110;9468987360;B
20240126;105616;195.000000000;30;9468987538;S
20240126;105622;195.020000000;30;9468988736;B
20240126;105624;195.000000000;540;9468988872;S
20240126;105627;195.000000000;30;9468989614;S
20240126;105633;195.000000000;1050;9468990710;S
20240126;105633;195.000000000;20;9468990851;S
20240126;105634;195.000000000;30;9468991063;S
20240126;105637;195.020000000;40;9468991513;B
20240126;105639;195.000000000;30;9468992183;S
20240126;105645;195.020000000;10;9468992739;B
20240126;105654;195.020000000;10;9468993689;B
20240126;105702;195.000000000;30;9468994966;S
20240126;105703;195.000000000;1060;9468995024;S
20240126;105712;195.020000000;60;9468996467;B
20240126;105713;195.020000000;350;9468996578;B
20240126;105713;195.020000000;520;9468996579;B
20240126;105713;195.020000000;560;9468996580;B
20240126;105713;195.040000000;830;9468996581;B
20240126;105713;195.040000000;740;9468996582;B
20240126;105713;195.000000000;20;9468996596;S
20240126;105719;195.000000000;20;9468997635;S
20240126;105719;195.000000000;220;9468997734;S
20240126;105719;195.000000000;770;9468997735;S
20240126;105720;195.000000000;10;9468997831;S
20240126;105725;195.020000000;10;9468998555;B
20240126;105731;195.020000000;10;9468999386;B
20240126;105733;195.000000000;990;9468999706;S
20240126;105733;195.000000000;20;9468999707;S
20240126;105733;195.000000000;40;9468999708;S
20240126;105735;195.020000000;60;9469000120;B
20240126;105735;195.000000000;10;9469000199;S
20240126;105736;195.020000000;10;9469000330;B
20240126;105740;195.000000000;40;9469001053;S
20240126;105740;195.000000000;2380;9469001054;S
20240126;105742;194.980000000;20;9469001394;S
20240126;105759;194.980000000;10;9469003957;S
20240126;105803;194.980000000;1050;9469004322;S
20240126;105816;195.020000000;10;9469005721;B
20240126;105833;194.980000000;10;9469007629;S
20240126;105833;194.980000000;500;9469007630;S
20240126;105833;194.980000000;550;9469007631;S
20240126;105833;195.020000000;10;9469007677;B
20240126;105840;194.960000000;10;9469008650;S
20240126;105840;194.960000000;90;9469008651;S
20240126;105842;194.960000000;10;9469009100;S
20240126;105854;194.980000000;10;9469011055;B
20240126;105903;194.960000000;1050;9469012074;S
20240126;105908;194.980000000;50;9469012594;B
20240126;105913;194.980000000;360;9469013022;B
20240126;105915;194.980000000;50;9469013268;B
20240126;105920;194.980000000;50;9469013658;B
20240126;105922;194.980000000;10;9469013900;B
20240126;105924;194.980000000;410;9469014027;B
20240126;105924;194.980000000;590;9469014028;B
20240126;105925;194.960000000;100;9469014076;S
20240126;105925;194.960000000;30;9469014077;S
20240126;105932;194.980000000;520;9469014570;B
20240126;105932;194.980000000;200;9469014571;B
20240126;105932;194.980000000;280;9469014572;B
20240126;105933;194.940000000;80;9469014668;S
20240126;105933;194.940000000;100;9469014669;S
20240126;105933;194.940000000;870;9469014670;S
20240126;105939;194.920000000;70;9469015115;S
20240126;105941;194.980000000;20;9469015250;B
20240126;105949;194.980000000;30;9469015843;B
20240126;105949;195.020000000;50;9469015844;B
20240126;105951;194.960000000;90;9469015959;S
20240126;110003;194.960000000;20;9469017398;S
20240126;110003;194.960000000;130;9469017399;S
20240126;110003;194.940000000;770;9469017400;S
20240126;110003;194.940000000;140;9469017401;S
20240126;110004;194.980000000;10;9469017664;B
20240126;110004;195.020000000;40;9469017665;B
20240126;110013;194.940000000;70;9469018889;S
20240126;110013;194.940000000;20;9469018890;S
20240126;110013;194.920000000;160;9469018891;S
20240126;110013;195.000000000;200;9469018892;B
20240126;110013;195.020000000;410;9469018893;B
20240126;110013;195.020000000;390;9469018894;B
20240126;110019;195.020000000;610;9469019653;B
20240126;110019;195.020000000;10;9469019654;B
20240126;110019;195.020000000;10;9469019655;B
20240126;110019;195.020000000;10;9469019656;B
20240126;110019;195.020000000;20;9469019657;B
20240126;110019;195.040000000;1090;9469019658;B
20240126;110019;195.040000000;40;9469019659;B
20240126;110024;195.040000000;500;9469020372;B
20240126;110025;195.040000000;500;9469020463;B
20240126;110026;195.040000000;750;9469020599;B
20240126;110028;195.040000000;160;9469020968;B
20240126;110028;195.040000000;13840;9469020969;B
20240126;110033;195.000000000;520;9469021525;S
20240126;110033;194.980000000;280;9469021526;S
20240126;110033;194.980000000;250;9469021527;S
20240126;110035;195.040000000;30;9469021787;B
20240126;110045;195.020000000;770;9469022843;S
20240126;110045;195.000000000;10;9469022844;S
20240126;110045;195.000000000;220;9469022845;S
20240126;110103;195.000000000;1050;9469024979;S
20240126;110104;195.000000000;80;9469025200;S
20240126;110114;195.020000000;100;9469026748;B
20240126;110115;195.020000000;10;9469026981;B
20240126;110116;195.000000000;180;9469027047;S
20240126;110130;194.940000000;30;9469029746;S
20240126;110130;194.940000000;30;9469029758;S
20240126;110130;194.940000000;10;9469029767;S
20240126;110133;194.940000000;150;9469030274;S
20240126;110133;194.940000000;900;9469030275;S
20240126;110136;194.940000000;80;9469030675;S
20240126;110152;195.020000000;40;9469032992;B
20240126;110158;195.000000000;10;9469034187;S
20240126;110203;195.000000000;290;9469035448;S
20240126;110203;195.000000000;770;9469035449;S
20240126;110218;195.000000000;10;9469038535;B
20240126;110233;194.960000000;1050;9469040672;S
20240126;110238;195.000000000;50;9469041290;B
20240126;110239;195.000000000;140;9469041433;B
20240126;110239;195.020000000;110;9469041434;B
20240126;110240;195.020000000;50;9469041940;B
20240126;110248;194.980000000;100;9469043082;S
20240126;110256;195.020000000;50;9469044079;B
20240126;110303;194.980000000;200;9469044975;S
20240126;110303;194.980000000;850;9469044976;S
20240126;110306;195.020000000;10;9469045234;B
20240126;110311;195.020000000;10;9469046111;B
20240126;110329;195.000000000;20;9469048826;B
20240126;110330;194.980000000;10;9469048890;S
20240126;110333;194.980000000;10;9469049213;S
20240126;110333;194.980000000;230;9469049214;S
20240126;110333;194.980000000;30;9469049215;S
20240126;110333;194.980000000;770;9469049216;S
20240126;110333;194.980000000;20;9469049217;S
20240126;110338;195.000000000;10;9469049719;B
20240126;110344;194.980000000;10;9469050277;S
20240126;110349;195.000000000;50;9469050924;B
20240126;110349;195.000000000;50;9469050925;B
20240126;110402;195.020000000;10;9469052305;B
20240126;110403;195.000000000;400;9469052388;S
20240126;110403;195.000000000;20;9469052389;S
20240126;110403;194.980000000;20;9469052390;S
20240126;110403;194.980000000;10;9469052391;S
20240126;110403;194.980000000;600;9469052392;S
20240126;110416;195.020000000;10;9469054175;B
20240126;110416;195.020000000;40;9469054176;B
20240126;110424;195.000000000;10;9469055496;B
20240126;110430;194.980000000;20;9469056557;S
20240126;110433;194.980000000;1050;9469057080;S
20240126;110437;194.980000000;10;9469057595;S
20240126;110439;195.000000000;10;9469057704;B
20240126;110503;194.980000000;1060;9469061334;S
20240126;110504;195.000000000;100;9469061469;B
20240126;110515;195.000000000;10;9469063330;B
20240126;110522;194.980000000;100;9469064655;S
20240126;110532;195.000000000;100;9469066210;B
20240126;110533;194.980000000;1050;9469066383;S
20240126;110533;194.980000000;470;9469066393;S
20240126;110538;195.000000000;10;9469067514;B
20240126;110540;194.980000000;40;9469067907;S
20240126;110554;195.020000000;200;9469069844;B
20240126;110603;194.980000000;600;9469071302;S
20240126;110603;194.980000000;10;9469071303;S
20240126;110603;194.980000000;100;9469071304;S
20240126;110603;194.980000000;340;9469071305;S
20240126;110633;194.980000000;80;9469076538;S
20240126;110633;194.980000000;980;9469076539;S
20240126;110639;195.020000000;150;9469077739;B
20240126;110639;195.020000000;60;9469077740;B
20240126;110639;195.040000000;310;9469077741;B
20240126;110639;195.040000000;520;9469077780;B
20240126;110643;195.040000000;520;9469078236;B
20240126;110643;195.020000000;100;9469078315;S
20240126;110644;195.040000000;4780;9469078367;B
20240126;110644;195.040000000;9220;9469078368;B
20240126;110645;195.040000000;250;9469078634;B
20240126;110648;195.040000000;5000;9469079045;B
20240126;110649;195.040000000;4000;9469079221;B
20240126;110650;195.040000000;530;9469079267;B
20240126;110650;195.040000000;530;9469079268;B
20240126;110650;195.040000000;470;9469079269;B
20240126;110651;195.040000000;1000;9469079331;B
20240126;110651;195.040000000;1000;9469079332;B
20240126;110651;195.040000000;700;9469079333;B
20240126;110651;195.040000000;500;9469079368;B
20240126;110651;195.040000000;1500;9469079496;B
20240126;110652;195.040000000;1000;9469079520;B
20240126;110654;195.020000000;100;9469079788;S
20240126;110654;195.020000000;60;9469079789;S
20240126;110654;195.040000000;510;9469079826;B
20240126;110654;195.040000000;1000;9469079827;B
20240126;110654;195.040000000;23770;9469079841;B
20240126;110654;195.060000000;10;9469079842;B
20240126;110654;195.080000000;60;9469079843;B
20240126;110654;195.080000000;100;9469079844;B
20240126;110654;195.080000000;50;9469079845;B
20240126;110654;195.100000000;10;9469079846;B
20240126;110654;195.100000000;30;9469079847;B
20240126;110654;195.100000000;150;9469079848;B
20240126;110654;195.100000000;20;9469079849;B
20240126;110654;195.120000000;490;9469079850;B
20240126;110654;195.120000000;10;9469079851;B
20240126;110654;195.120000000;6000;9469079852;B
20240126;110654;195.140000000;440;9469079853;B
20240126;110654;195.200000000;100;9469079854;B
20240126;110654;195.200000000;20;9469079855;B
20240126;110654;195.200000000;400;9469079856;B
20240126;110654;195.200000000;100;9469079857;B
20240126;110654;195.200000000;480;9469079858;B
20240126;110654;195.220000000;100;9469079862;B
20240126;110654;195.260000000;100;9469079863;B
20240126;110654;195.280000000;1280;9469079864;B
20240126;110654;195.300000000;200;9469079865;B
20240126;110654;195.300000000;20;9469079866;B
20240126;110654;195.300000000;100;9469079867;B
20240126;110654;195.300000000;700;9469079868;B
20240126;110654;195.300000000;100;9469079869;B
20240126;110654;195.280000000;870;9469079870;B
20240126;110654;195.300000000;70;9469079871;B
20240126;110654;195.340000000;20;9469079872;B
20240126;110654;195.360000000;50;9469079873;B
20240126;110654;195.360000000;50;9469079879;B
20240126;110654;195.360000000;20;9469079880;B
20240126;110654;195.380000000;10;9469079881;B
20240126;110654;195.400000000;20;9469079882;B
20240126;110654;195.400000000;50;9469079883;B
20240126;110654;195.400000000;710;9469079884;B
20240126;110655;195.400000000;50;9469079919;B
20240126;110655;195.400000000;40;9469079923;B
20240126;110655;195.420000000;70;9469079924;B
20240126;110655;195.420000000;10;9469079925;B
20240126;110655;195.420000000;20;9469079926;B
20240126;110655;195.420000000;860;9469079927;B
20240126;110655;195.420000000;750;9469079928;B
20240126;110655;195.440000000;250;9469079929;B
20240126;110655;195.440000000;10;9469079930;B
20240126;110655;195.460000000;50;9469079931;B
20240126;110655;195.460000000;5000;9469079932;B
20240126;110655;195.460000000;1270;9469079933;B
20240126;110655;195.480000000;200;9469079934;B
20240126;110655;195.480000000;500;9469079935;B
20240126;110655;195.500000000;300;9469079936;B
20240126;110655;195.500000000;200;9469079937;B
20240126;110655;195.500000000;150;9469079938;B
20240126;110655;195.500000000;50;9469079939;B
20240126;110655;195.500000000;20800;9469079940;B
20240126;110655;195.540000000;500;9469079941;B
20240126;110655;195.560000000;50;9469079942;B
20240126;110655;195.560000000;20;9469079943;B
20240126;110655;195.580000000;30;9469079944;B
20240126;110655;195.600000000;100;9469079945;B
20240126;110655;195.600000000;20;9469079946;B
20240126;110655;195.600000000;20;9469079947;B
20240126;110655;195.600000000;50;9469079948;B
20240126;110655;195.600000000;50;9469079949;B
20240126;110655;195.620000000;250;9469079950;B
20240126;110655;195.660000000;50;9469079951;B
20240126;110655;195.680000000;200;9469079952;B
20240126;110655;195.700000000;50;9469079953;B
20240126;110655;195.700000000;50;9469079954;B
20240126;110655;195.700000000;1000;9469079955;B
20240126;110655;195.700000000;3000;9469079956;B
20240126;110655;195.720000000;520;9469079957;B
20240126;110655;195.740000000;150;9469079958;B
20240126;110655;195.740000000;5000;9469079959;B
20240126;110655;195.740000000;790;9469079960;B
20240126;110655;195.720000000;600;9469079961;B
20240126;110655;195.720000000;1270;9469079962;B
20240126;110655;195.720000000;520;9469079963;B
20240126;110655;195.740000000;1210;9469079964;B
20240126;110655;195.440000000;100;9469079965;B
20240126;110655;195.480000000;200;9469079967;S
20240126;110655;195.480000000;60;9469079971;S
20240126;110655;195.380000000;540;9469079979;S
20240126;110655;195.560000000;40;9469079995;B
20240126;110655;195.560000000;20;9469079996;B
20240126;110655;195.560000000;60;9469079997;B
20240126;110655;195.560000000;100;9469080011;B
20240126;110655;195.560000000;30;9469080014;B
20240126;110655;195.540000000;50;9469080020;B
20240126;110655;195.540000000;40;9469080024;B
20240126;110655;195.560000000;10;9469080025;B
20240126;110655;195.540000000;10;9469080046;B
20240126;110655;195.540000000;90;9469080047;B
20240126;110655;195.540000000;170;9469080048;B
20240126;110655;195.560000000;300;9469080049;B
20240126;110655;195.660000000;60;9469080050;B
20240126;110655;195.600000000;180;9469080055;B
20240126;110655;195.680000000;50;9469080056;B
20240126;110655;195.640000000;80;9469080063;B
20240126;110655;195.680000000;430;9469080064;B
20240126;110655;195.680000000;60;9469080075;B
20240126;110655;195.700000000;190;9469080076;B
20240126;110655;195.700000000;20;9469080077;B
20240126;110655;195.700000000;250;9469080085;B
20240126;110655;195.700000000;100;9469080089;B
20240126;110655;195.700000000;10;9469080100;B
20240126;110655;195.700000000;200;9469080101;B
20240126;110656;195.620000000;40;9469080124;S
20240126;110656;195.580000000;20;9469080125;S
20240126;110656;195.660000000;10;9469080187;B
20240126;110656;195.640000000;10;9469080282;B
20240126;110657;195.700000000;20;9469080388;B
20240126;110657;195.680000000;20;9469080446;B
20240126;110657;195.680000000;20;9469080486;B
20240126;110658;195.680000000;20;9469080517;B
20240126;110658;195.600000000;10;9469080530;S
20240126;110658;195.680000000;20;9469080536;B
20240126;110659;195.680000000;110;9469080600;B
20240126;110659;195.700000000;20;9469080601;B
20240126;110659;195.700000000;30;9469080708;B
20240126;110700;195.700000000;30;9469080747;B
20240126;110700;195.700000000;770;9469080831;B
20240126;110700;195.700000000;130;9469080832;B
20240126;110700;195.700000000;30;9469080855;B
20240126;110701;195.700000000;30;9469080942;B
20240126;110701;195.680000000;30;9469080993;B
20240126;110701;195.680000000;30;9469081046;B
20240126;110702;195.680000000;40;9469081125;B
20240126;110702;195.680000000;40;9469081156;B
20240126;110703;195.660000000;130;9469081328;S
20240126;110703;195.600000000;920;9469081329;S
20240126;110705;195.680000000;10;9469081534;B
20240126;110711;195.680000000;460;9469082894;B
20240126;110711;195.680000000;40;9469082895;B
20240126;110711;195.680000000;500;9469082896;B
20240126;110718;195.700000000;20;9469084025;B
20240126;110718;195.700000000;20;9469084026;B
20240126;110718;195.700000000;20;9469084027;B
20240126;110719;195.700000000;480;9469084071;B
20240126;110719;195.720000000;520;9469084072;B
20240126;110719;195.680000000;170;9469084101;S
20240126;110722;195.700000000;50;9469084703;S
20240126;110722;195.700000000;520;9469084704;S
20240126;110722;195.700000000;50;9469084705;S
20240126;110722;195.680000000;230;9469084706;S
20240126;110723;195.720000000;500;9469084781;B
20240126;110725;195.720000000;200;9469085040;B
20240126;110729;195.720000000;250;9469085493;B
20240126;110731;195.700000000;100;9469085717;S
20240126;110732;195.700000000;420;9469085788;S
20240126;110732;195.680000000;80;9469085789;S
20240126;110732;195.700000000;250;9469085806;S
20240126;110733;195.720000000;10;9469085907;B
20240126;110733;195.720000000;30;9469085920;B
20240126;110733;195.720000000;10;9469085921;B
20240126;110733;195.720000000;20;9469085922;B
20240126;110733;195.720000000;10;9469085923;B
20240126;110733;195.720000000;10;9469085924;B
20240126;110733;195.720000000;80;9469085925;B
20240126;110733;195.720000000;250;9469085926;B
20240126;110733;195.720000000;10;9469085927;B
20240126;110733;195.720000000;20;9469085930;B
20240126;110733;195.720000000;20;9469085938;B
20240126;110733;195.720000000;20;9469086024;B
20240126;110733;195.720000000;20;9469086031;B
20240126;110733;195.720000000;20;9469086034;B
20240126;110733;195.720000000;10;9469086041;B
20240126;110733;195.720000000;10;9469086044;B
20240126;110733;195.720000000;10;9469086046;B
20240126;110733;195.720000000;10;9469086047;B
20240126;110733;195.740000000;10;9469086048;B
20240126;110733;195.740000000;20;9469086049;B
20240126;110733;195.760000000;10;9469086050;B
20240126;110733;195.760000000;10;9469086055;B
20240126;110733;195.760000000;30;9469086058;B
20240126;110733;195.780000000;10;9469086059;B
20240126;110733;195.780000000;30;9469086060;B
20240126;110733;195.780000000;30;9469086068;B
20240126;110733;195.780000000;10;9469086069;B
20240126;110733;195.780000000;30;9469086070;B
20240126;110733;195.780000000;10;9469086071;B
20240126;110733;195.780000000;10;9469086072;B
20240126;110733;195.780000000;10;9469086079;B
20240126;110733;195.780000000;30;9469086082;B
20240126;110733;195.780000000;10;9469086089;B
20240126;110733;195.700000000;520;9469086097;S
20240126;110733;195.700000000;530;9469086098;S
20240126;110733;195.760000000;10;9469086133;B
20240126;110733;195.760000000;10;9469086135;B
20240126;110733;195.760000000;40;9469086139;B
20240126;110733;195.760000000;10;9469086140;B
20240126;110733;195.760000000;20;9469086141;B
20240126;110733;195.760000000;10;9469086146;B
20240126;110733;195.760000000;10;9469086149;B
20240126;110733;195.760000000;10;9469086154;B
20240126;110733;195.760000000;20;9469086156;B
20240126;110733;195.760000000;60;9469086159;B
20240126;110733;195.760000000;10;9469086168;B
20240126;110733;195.760000000;20;9469086173;B
20240126;110733;195.760000000;30;9469086174;B
20240126;110733;195.760000000;10;9469086175;B
20240126;110734;195.760000000;20;9469086176;B
20240126;110734;195.760000000;10;9469086177;B
20240126;110734;195.760000000;10;9469086178;B
20240126;110734;195.760000000;10;9469086179;B
20240126;110734;195.760000000;130;9469086181;B
20240126;110734;195.760000000;30;9469086182;B
20240126;110734;195.760000000;10;9469086183;B
20240126;110734;195.760000000;20;9469086209;B
20240126;110734;195.780000000;10;9469086210;B
20240126;110734;195.780000000;10;9469086222;B
20240126;110734;195.780000000;50;9469086223;B
20240126;110734;195.780000000;60;9469086224;B
20240126;110734;195.780000000;10;9469086244;B
20240126;110734;195.780000000;30;9469086245;B
20240126;110734;195.780000000;10;9469086246;B
20240126;110734;195.780000000;10;9469086264;B
20240126;110734;195.760000000;10;9469086290;B
20240126;110734;195.780000000;50;9469086291;B
20240126;110734;195.780000000;10;9469086312;B
20240126;110735;195.780000000;30;9469086391;B
20240126;110736;195.700000000;520;9469086633;S
20240126;110736;195.680000000;30;9469086634;S
20240126;110737;195.700000000;10;9469086763;B
20240126;110738;195.720000000;10;9469086764;B
20240126;110738;195.740000000;10;9469086766;B
20240126;110738;195.760000000;10;9469086767;B
20240126;110738;195.760000000;10;9469086768;B
20240126;110738;195.760000000;10;9469086769;B
20240126;110738;195.760000000;10;9469086779;B
20240126;110738;195.760000000;40;9469086830;B
20240126;110738;195.760000000;10;9469086861;B
20240126;110738;195.760000000;10;9469086862;B
20240126;110738;195.760000000;10;9469086901;B
20240126;110739;195.720000000;10;9469087009;B
20240126;110739;195.740000000;10;9469087010;B
20240126;110740;195.740000000;10;9469087301;B
20240126;110740;195.740000000;10;9469087302;B
20240126;110740;195.740000000;10;9469087311;B
20240126;110740;195.760000000;10;9469087325;B
20240126;110740;195.780000000;30;9469087328;B
20240126;110740;195.780000000;10;9469087333;B
20240126;110741;195.740000000;10;9469087378;B
20240126;110741;195.780000000;10;9469087381;B
20240126;110741;195.780000000;10;9469087390;B
20240126;110741;195.780000000;10;9469087401;B
20240126;110741;195.780000000;10;9469087404;B
20240126;110741;195.780000000;10;9469087406;B
20240126;110741;195.780000000;10;9469087408;B
20240126;110741;195.780000000;10;9469087418;B
20240126;110741;195.780000000;10;9469087421;B
20240126;110742;195.740000000;10;9469087563;B
20240126;110742;195.760000000;10;9469087574;B
20240126;110742;195.780000000;10;9469087575;B
20240126;110743;195.760000000;10;9469087752;B
20240126;110743;195.760000000;40;9469087806;S
20240126;110744;195.760000000;50;9469088091;B
20240126;110746;195.720000000;10;9469088437;B
20240126;110747;195.720000000;10;9469088494;B
20240126;110747;195.720000000;10;9469088562;B
20240126;110747;195.740000000;10;9469088563;B
20240126;110747;195.760000000;470;9469088564;B
20240126;110747;195.760000000;10;9469088565;B
20240126;110749;195.720000000;20;9469088768;B
20240126;110749;195.720000000;10;9469088769;B
20240126;110749;195.720000000;10;9469088877;B
20240126;110749;195.720000000;10;9469088880;B
20240126;110751;195.720000000;10;9469089151;B
20240126;110752;195.720000000;10;9469089399;B
20240126;110752;195.720000000;10;9469089493;B
20240126;110752;195.740000000;10;9469089494;B
20240126;110755;195.720000000;10;9469089996;B
20240126;110755;195.720000000;20;9469090056;B
20240126;110756;195.720000000;10;9469090092;B
20240126;110756;195.720000000;20;9469090112;B
20240126;110757;195.720000000;460;9469090237;B
20240126;110757;195.740000000;940;9469090238;B
20240126;110759;195.680000000;200;9469090626;S
20240126;110802;195.680000000;3550;9469090978;S
20240126;110803;195.680000000;740;9469091255;S
20240126;110803;195.640000000;190;9469091256;S
20240126;110803;195.600000000;120;9469091257;S
20240126;110804;195.600000000;400;9469091374;S
20240126;110808;195.680000000;10;9469091819;B
20240126;110810;195.560000000;50;9469092095;S
20240126;110812;195.680000000;50;9469092552;B
20240126;110819;195.560000000;180;9469093550;S
20240126;110827;195.560000000;10;9469094521;S
20240126;110829;195.600000000;40;9469094829;B
20240126;110829;195.600000000;10;9469094830;B
20240126;110829;195.600000000;770;9469094831;B
20240126;110829;195.620000000;20;9469094832;B
20240126;110829;195.620000000;560;9469094833;B
20240126;110833;195.560000000;90;9469095242;S
20240126;110833;195.540000000;680;9469095243;S
20240126;110833;195.520000000;280;9469095244;S
20240126;110849;195.560000000;10;9469097830;B
20240126;110850;195.560000000;10;9469097897;B
20240126;110850;195.560000000;30;9469097965;B
20240126;110850;195.580000000;100;9469097966;B
20240126;110855;195.580000000;100;9469098492;B
20240126;110855;195.560000000;10;9469098538;B
20240126;110855;195.580000000;30;9469098539;B
20240126;110855;195.580000000;10;9469098542;B
20240126;110858;195.580000000;530;9469098800;B
20240126;110858;195.580000000;520;9469098801;B
20240126;110858;195.580000000;10;9469098802;B
20240126;110858;195.580000000;1000;9469098803;B
20240126;110858;195.600000000;940;9469098804;B
20240126;110902;195.540000000;10;9469099347;S
20240126;110902;195.560000000;40;9469099401;B
20240126;110903;195.540000000;990;9469099552;S
20240126;110903;195.520000000;60;9469099553;S
20240126;110905;195.560000000;480;9469099776;B
20240126;110905;195.580000000;770;9469099777;B
20240126;110905;195.580000000;3750;9469099778;B
20240126;110914;195.560000000;100;9469101004;B
20240126;110920;195.520000000;10;9469102281;S
20240126;110923;195.520000000;240;9469102771;S
20240126;110923;195.520000000;10;9469102772;S
20240126;110932;195.520000000;30;9469104039;S
20240126;110932;195.520000000;20;9469104040;S
20240126;110933;195.520000000;20;9469104475;S
20240126;110933;195.500000000;1030;9469104476;S
20240126;110944;195.540000000;20;9469106780;B
20240126;110944;195.540000000;30;9469106781;B
20240126;111003;195.500000000;1050;9469110005;S
20240126;111009;195.500000000;1000;9469111027;S
20240126;111011;195.500000000;1000;9469111383;S
20240126;111012;195.520000000;10;9469111522;B
20240126;111012;195.500000000;100;9469111587;S
20240126;111013;195.500000000;1000;9469111661;S
20240126;111015;195.520000000;10;9469111933;B
20240126;111017;195.500000000;20;9469112129;S
20240126;111018;195.500000000;20;9469112196;S
20240126;111021;195.500000000;1000;9469112489;S
20240126;111029;195.520000000;10;9469113195;B
20240126;111030;195.520000000;10;9469113303;B
20240126;111032;195.520000000;10;9469113485;B
20240126;111033;195.500000000;1000;9469113645;S
20240126;111033;195.500000000;1050;9469113687;S
20240126;111033;195.500000000;3920;9469113688;S
20240126;111035;195.520000000;30;9469113909;B
20240126;111041;195.520000000;440;9469114900;B
20240126;111041;195.520000000;80;9469114901;B
20240126;111041;195.500000000;100;9469114906;S
20240126;111042;195.500000000;10;9469114930;S
20240126;111051;195.500000000;40;9469115783;S
20240126;111051;195.500000000;60;9469115784;S
20240126;111051;195.520000000;500;9469115785;B
20240126;111056;195.500000000;10;9469116540;S
20240126;111056;195.520000000;50;9469116603;B
20240126;111056;195.540000000;80;9469116604;B
20240126;111058;195.540000000;100;9469116775;B
20240126;111103;195.500000000;1050;9469117403;S
20240126;111104;195.520000000;770;9469117444;B
20240126;111104;195.540000000;230;9469117445;B
20240126;111105;195.540000000;10;9469117498;B
20240126;111109;195.540000000;580;9469117970;B
20240126;111109;195.560000000;1000;9469117971;B
20240126;111109;195.560000000;3000;9469117972;B
20240126;111109;195.580000000;1370;9469117973;B
20240126;111109;195.580000000;550;9469117974;B
20240126;111110;195.580000000;450;9469118102;B
20240126;111117;195.580000000;10;9469118833;S
20240126;111125;195.580000000;140;9469120575;S
20240126;111126;195.600000000;50;9469120774;B
20240126;111133;195.600000000;80;9469121881;B
20240126;111133;195.580000000;1050;9469121893;S
20240126;111134;195.580000000;30;9469121897;S
20240126;111144;195.520000000;10;9469123931;S
20240126;111145;195.580000000;10;9469124033;B
20240126;111203;195.560000000;800;9469127318;S
20240126;111203;195.540000000;250;9469127319;S
20240126;111211;195.580000000;200;9469128669;B
20240126;111227;195.520000000;110;9469131882;S
20240126;111234;195.520000000;1050;9469132999;S
20240126;111248;195.580000000;500;9469135556;B
20240126;111249;195.540000000;20;9469135620;S
20240126;111249;195.540000000;200;9469135621;S
20240126;111249;195.520000000;30;9469135622;S
20240126;111252;195.580000000;50;9469136088;B
20240126;111252;195.580000000;500;9469136089;B
20240126;111304;195.580000000;750;9469137705;S
20240126;111304;195.540000000;300;9469137706;S
20240126;111320;195.540000000;500;9469139592;S
20240126;111329;195.540000000;10;9469140429;S
20240126;111329;195.520000000;100;9469140430;S
20240126;111329;195.520000000;100;9469140431;S
20240126;111329;195.520000000;60;9469140432;S
20240126;111329;195.520000000;10;9469140433;S
20240126;111329;195.500000000;3880;9469140434;S
20240126;111329;195.500000000;2340;9469140435;S
20240126;111329;195.520000000;40;9469140449;B
20240126;111329;195.540000000;310;9469140450;B
20240126;111333;195.520000000;2430;9469140871;B
20240126;111333;195.520000000;30;9469140872;B
20240126;111334;195.500000000;1050;9469140958;S
20240126;111340;195.500000000;300;9469141949;S
20240126;111343;195.520000000;10;9469142500;B
20240126;111346;195.500000000;50;9469142974;S
20240126;111348;195.500000000;20;9469143270;S
20240126;111348;195.500000000;2500;9469143301;S
20240126;111350;195.500000000;10;9469143549;S
20240126;111354;195.520000000;730;9469144423;B
20240126;111354;195.520000000;1270;9469144424;B
20240126;111354;195.520000000;500;9469144425;B
20240126;111354;195.600000000;180;9469144426;B
20240126;111400;195.500000000;10;9469145391;S
20240126;111404;195.500000000;1050;9469145847;S
20240126;111411;195.560000000;60;9469146852;B
20240126;111421;195.520000000;770;9469148717;B
20240126;111422;195.540000000;190;9469148949;B
20240126;111425;195.520000000;80;9469149282;S
20240126;111432;195.520000000;20;9469150533;S
20240126;111434;195.520000000;1050;9469150751;S
20240126;111440;195.520000000;20;9469151894;S
20240126;111445;195.520000000;40;9469152824;S
20240126;111453;195.520000000;100;9469153800;S
20240126;111500;195.520000000;20;9469154646;S
20240126;111500;195.520000000;20;9469154649;S
20240126;111504;195.520000000;1050;9469155085;S
20240126;111515;195.520000000;30;9469156732;S
20240126;111520;195.540000000;60;9469157499;B
20240126;111534;195.520000000;1050;9469159522;S
20240126;111536;195.520000000;80;9469159814;S
20240126;111539;195.520000000;670;9469160115;S
20240126;111539;195.500000000;3710;9469160116;S
20240126;111539;195.500000000;1300;9469160118;S
20240126;111539;195.500000000;20;9469160119;S
20240126;111539;195.500000000;50;9469160120;S
20240126;111539;195.500000000;1370;9469160121;S
20240126;111539;195.500000000;1370;9469160122;S
20240126;111539;195.500000000;1080;9469160123;S
20240126;111602;195.400000000;10;9469163220;S
20240126;111602;195.400000000;40;9469163221;S
20240126;111603;195.460000000;10;9469163531;B
20240126;111603;195.460000000;600;9469163537;B
20240126;111604;195.400000000;10;9469163572;S
20240126;111604;195.400000000;50;9469163573;S
20240126;111604;195.380000000;990;9469163574;S
20240126;111616;195.360000000;10;9469164944;S
20240126;111616;195.360000000;50;9469164945;S
20240126;111620;195.360000000;10;9469165291;B
20240126;111624;195.360000000;230;9469165902;B
20240126;111629;195.360000000;1000;9469166599;S
20240126;111629;195.380000000;480;9469166615;B
20240126;111632;195.320000000;10;9469166962;S
20240126;111634;195.320000000;90;9469167207;S
20240126;111634;195.320000000;10;9469167208;S
20240126;111634;195.300000000;900;9469167209;S
20240126;111634;195.280000000;20;9469167210;S
20240126;111634;195.280000000;20;9469167211;S
20240126;111634;195.280000000;10;9469167212;S
20240126;111634;195.280000000;470;9469167262;S
20240126;111634;195.260000000;10;9469167263;S
20240126;111634;195.260000000;670;9469167264;S
20240126;111634;195.260000000;300;9469167265;S
20240126;111634;195.240000000;10;9469167266;S
20240126;111634;195.240000000;1180;9469167267;S
20240126;111634;195.220000000;10;9469167268;S
20240126;111634;195.220000000;450;9469167269;S
20240126;111634;195.220000000;120;9469167270;S
