<DATE>;<TIME>;<LAST>;<VOL>;<ID>;<OPER>
20240228;095948;197.32;40;9707825239;S
20240228;095948;197.32;100;9707825240;S
20240228;095948;197.32;250;9707825241;B
20240228;095948;197.32;400;9707825242;B
20240228;095948;197.32;10;9707825243;B
20240228;095948;197.32;450;9707825244;B
20240228;095948;197.32;30;9707825245;B
20240228;095948;197.32;10;9707825246;S
20240228;095948;197.32;10;9707825247;S
20240228;095948;197.32;10;9707825248;S
20240228;095948;197.32;280;9707825249;B
20240228;095948;197.32;220;9707825250;B
20240228;095948;197.32;30;9707825251;S
20240228;095948;197.32;20;9707825252;B
20240228;095948;197.32;40;9707825253;B
20240228;095948;197.32;2510;9707825254;B
20240228;095948;197.32;10;9707825255;B
20240228;095948;197.32;10;9707825256;B
20240228;095948;197.32;10;9707825257;B
20240228;095948;197.32;30;9707825258;B
20240228;095948;197.32;10;9707825259;B
20240228;095948;197.32;10;9707825260;B
20240228;095948;197.32;10;9707825261;B
20240228;100002;197.32;20;9707830494;B
20240228;100002;197.32;300;9707830582;B
20240228;100002;197.32;1000;9707830748;B
20240228;100002;197.32;90;9707830844;B
20240228;100002;197.32;950;9707830877;B
20240228;100002;197.32;10;9707830878;B
20240228;100003;197.36;10;9707831051;B
20240228;100003;197.32;80;9707831053;S
20240228;100003;197.3;250;9707831054;S
20240228;100003;197.3;150;9707831055;S
20240228;100003;197.28;10;9707831056;S
20240228;100003;197.28;30;9707831057;S
20240228;100003;197.24;10;9707831058;S
20240228;100003;197.24;50;9707831059;S
20240228;100003;197.24;10;9707831060;S
20240228;100003;197.24;100;9707831061;S
20240228;100003;197.24;20;9707831062;S
20240228;100003;197.24;10;9707831063;S
20240228;100003;197.24;10;9707831064;S
20240228;100003;197.24;10;9707831065;S
20240228;100003;197.24;10;9707831066;S
20240228;100003;197.24;50;9707831067;S
20240228;100003;197.24;30;9707831068;S
20240228;100003;197.24;100;9707831069;S
20240228;100003;197.38;570;9707831171;B
20240228;100003;197.38;240;9707831172;B
20240228;100003;197.38;10;9707831173;B
20240228;100003;197.38;10;9707831205;B
20240228;100003;197.38;20;9707831273;B
20240228;100003;197.38;50;9707831314;B
20240228;100003;197.38;60;9707831318;B
20240228;100003;197.26;10;9707831439;S
20240228;100004;197.26;10;9707831682;S
20240228;100004;197.24;20;9707831726;S
20240228;100005;197.36;20;9707832014;B
20240228;100005;197.38;280;9707832015;B
20240228;100005;197.4;160;9707832016;B
20240228;100005;197.4;10;9707832150;B
20240228;100005;197.4;10;9707832905;B
20240228;100005;197.24;150;9707833195;S
20240228;100006;197.4;70;9707833869;B
20240228;100006;197.24;50;9707833936;S
20240228;100006;197.4;20;9707834093;B
20240228;100006;197.26;20;9707834550;S
20240228;100006;197.26;10;9707834552;S
20240228;100006;197.26;20;9707834553;S
20240228;100010;197.4;10;9707835865;B
20240228;100010;197.4;10;9707835938;B
20240228;100010;197.4;10;9707835960;B
20240228;100010;197.4;10;9707835975;B
20240228;100010;197.4;50;9707835980;B
20240228;100010;197.4;10;9707835990;B
20240228;100010;197.4;10;9707835992;B
20240228;100010;197.4;10;9707836003;B
20240228;100010;197.4;20;9707836010;B
20240228;100010;197.4;10;9707836012;B
20240228;100010;197.4;10;9707836042;B
20240228;100010;197.4;10;9707836073;B
20240228;100010;197.4;10;9707836134;B
20240228;100010;197.4;10;9707836135;B
20240228;100010;197.4;20;9707836151;B
20240228;100010;197.4;10;9707836152;B
20240228;100010;197.4;10;9707836153;B
20240228;100010;197.4;10;9707836155;B
20240228;100010;197.4;30;9707836177;B
20240228;100010;197.4;60;9707836188;B
20240228;100010;197.4;40;9707836192;B
20240228;100010;197.4;10;9707836193;B
20240228;100010;197.4;10;9707836256;B
20240228;100010;197.4;50;9707836276;B
20240228;100010;197.4;10;9707836277;B
20240228;100010;197.4;10;9707836284;B
20240228;100010;197.4;10;9707836310;B
20240228;100010;197.4;20;9707836321;B
20240228;100010;197.4;20;9707836324;B
20240228;100010;197.4;20;9707836326;B
20240228;100010;197.4;10;9707836329;B
20240228;100010;197.46;10;9707836330;B
20240228;100010;197.46;10;9707836332;B
20240228;100010;197.46;10;9707836336;B
20240228;100010;197.46;60;9707836341;B
20240228;100010;197.46;10;9707836343;B
20240228;100010;197.46;10;9707836372;B
20240228;100010;197.46;10;9707836375;B
20240228;100010;197.46;10;9707836377;B
20240228;100010;197.46;10;9707836382;B
20240228;100011;197.46;20;9707836420;B
20240228;100011;197.46;30;9707836425;B
20240228;100011;197.46;20;9707836436;B
20240228;100011;197.46;10;9707836437;B
20240228;100011;197.26;10;9707836442;S
20240228;100011;197.46;20;9707836443;B
20240228;100011;197.46;10;9707836446;B
20240228;100011;197.46;20;9707836454;B
20240228;100011;197.46;10;9707836455;B
20240228;100011;197.48;10;9707836461;B
20240228;100011;197.48;40;9707836468;B
20240228;100011;197.48;10;9707836469;B
20240228;100011;197.48;10;9707836498;B
20240228;100011;197.48;60;9707836499;B
20240228;100011;197.48;40;9707836500;B
20240228;100011;197.48;30;9707836501;B
20240228;100011;197.48;10;9707836502;B
20240228;100011;197.48;40;9707836506;B
20240228;100011;197.48;70;9707836509;B
20240228;100011;197.48;40;9707836510;B
20240228;100011;197.48;10;9707836511;B
20240228;100011;197.48;60;9707836513;B
20240228;100011;197.48;10;9707836529;B
20240228;100011;197.48;10;9707836530;B
20240228;100011;197.48;10;9707836531;B
20240228;100011;197.48;10;9707836532;B
20240228;100011;197.48;10;9707836533;B
20240228;100011;197.48;10;9707836536;B
20240228;100011;197.48;10;9707836552;B
20240228;100011;197.48;10;9707836560;B
20240228;100011;197.48;10;9707836561;B
20240228;100011;197.48;20;9707836568;B
20240228;100011;197.48;10;9707836573;B
20240228;100011;197.48;420;9707836577;B
20240228;100011;197.5;10;9707836578;B
20240228;100011;197.5;10;9707836579;B
20240228;100011;197.5;10;9707836580;B
20240228;100011;197.5;1260;9707836581;B
20240228;100011;197.5;400;9707836582;B
20240228;100011;197.52;30;9707836583;B
20240228;100011;197.52;80;9707836584;B
20240228;100011;197.54;1080;9707836585;B
20240228;100011;197.54;10;9707836586;B
20240228;100011;197.56;20;9707836587;B
20240228;100011;197.56;70;9707836588;B
20240228;100011;197.56;10;9707836591;B
20240228;100011;197.56;20;9707836593;B
20240228;100011;197.56;10;9707836595;B
20240228;100011;197.56;10;9707836602;B
20240228;100011;197.56;20;9707836603;B
20240228;100011;197.56;170;9707836605;B
20240228;100011;197.56;20;9707836612;B
20240228;100011;197.56;20;9707836615;B
20240228;100011;197.56;20;9707836619;B
20240228;100011;197.56;10;9707836626;B
20240228;100011;197.56;30;9707836627;B
20240228;100011;197.56;10;9707836641;B
20240228;100011;197.56;10;9707836645;B
20240228;100011;197.56;50;9707836646;B
20240228;100011;197.56;10;9707836653;B
20240228;100011;197.56;10;9707836654;B
20240228;100011;197.56;10;9707836657;B
20240228;100011;197.56;20;9707836661;B
20240228;100011;197.56;10;9707836664;B
20240228;100011;197.56;10;9707836666;B
20240228;100011;197.56;10;9707836677;B
20240228;100011;197.56;30;9707836678;B
20240228;100011;197.56;10;9707836679;B
20240228;100011;197.56;10;9707836680;B
20240228;100011;197.56;10;9707836690;B
20240228;100011;197.56;10;9707836691;B
20240228;100011;197.56;30;9707836708;B
20240228;100011;197.56;10;9707836710;B
20240228;100011;197.56;30;9707836713;B
20240228;100011;197.56;10;9707836715;B
20240228;100011;197.56;10;9707836717;B
20240228;100011;197.56;10;9707836721;B
20240228;100011;197.56;20;9707836727;B
20240228;100011;197.56;10;9707836729;B
20240228;100011;197.56;40;9707836730;B
20240228;100011;197.56;10;9707836732;B
20240228;100011;197.56;10;9707836733;B
20240228;100011;197.56;30;9707836734;B
20240228;100011;197.56;40;9707836736;B
20240228;100011;197.56;120;9707836737;B
20240228;100011;197.56;10;9707836738;B
20240228;100011;197.56;20;9707836742;B
20240228;100011;197.56;10;9707836745;B
20240228;100011;197.56;10;9707836747;B
20240228;100011;197.56;30;9707836748;B
20240228;100011;197.56;10;9707836749;B
20240228;100011;197.56;40;9707836750;B
20240228;100011;197.56;10;9707836751;B
20240228;100011;197.56;40;9707836752;B
20240228;100011;197.56;10;9707836761;B
20240228;100011;197.34;200;9707836762;S
20240228;100011;197.56;10;9707836766;B
20240228;100011;197.56;30;9707836770;B
20240228;100011;197.56;10;9707836853;B
20240228;100011;197.56;10;9707836859;B
20240228;100011;197.56;10;9707836863;B
20240228;100011;197.56;10;9707836864;B
20240228;100011;197.56;10;9707836865;B
20240228;100011;197.56;10;9707836866;B
20240228;100011;197.56;10;9707836867;B
20240228;100011;197.56;20;9707836868;B
20240228;100011;197.56;10;9707836875;B
20240228;100011;197.56;10;9707836886;B
20240228;100011;197.56;20;9707836887;B
20240228;100011;197.56;10;9707836898;B
20240228;100011;197.56;10;9707836899;B
20240228;100011;197.56;20;9707836902;B
20240228;100011;197.56;20;9707836903;B
20240228;100011;197.56;10;9707836904;B
20240228;100011;197.56;20;9707836905;B
20240228;100011;197.56;30;9707836906;B
20240228;100011;197.56;10;9707836907;B
20240228;100011;197.56;30;9707836908;B
20240228;100011;197.56;10;9707836909;B
20240228;100011;197.56;10;9707836910;B
20240228;100011;197.56;10;9707836911;B
20240228;100011;197.56;10;9707836915;B
20240228;100011;197.56;80;9707836917;B
20240228;100011;197.56;10;9707836927;B
20240228;100011;197.56;10;9707836930;B
20240228;100011;197.56;40;9707836931;B
20240228;100011;197.56;30;9707836932;B
20240228;100011;197.56;10;9707836933;B
20240228;100011;197.56;20;9707836934;B
20240228;100012;197.56;100;9707837025;B
20240228;100012;197.32;10;9707837060;S
20240228;100013;197.5;750;9707837284;B
20240228;100013;197.5;360;9707837285;B
20240228;100016;197.5;30;9707838053;B
20240228;100016;197.5;10;9707838054;B
20240228;100016;197.5;10;9707838055;B
20240228;100016;197.5;10;9707838056;B
20240228;100016;197.5;30;9707838057;B
20240228;100016;197.5;70;9707838059;B
20240228;100016;197.5;20;9707838060;B
20240228;100016;197.5;10;9707838061;B
20240228;100016;197.5;10;9707838062;B
20240228;100016;197.5;10;9707838063;B
20240228;100016;197.5;10;9707838064;B
20240228;100016;197.5;10;9707838065;B
20240228;100016;197.5;10;9707838069;B
20240228;100016;197.5;10;9707838070;B
20240228;100016;197.5;10;9707838071;B
20240228;100016;197.5;10;9707838072;B
20240228;100016;197.5;30;9707838076;B
20240228;100016;197.5;10;9707838077;B
20240228;100016;197.5;20;9707838078;B
20240228;100016;197.5;10;9707838079;B
20240228;100016;197.5;20;9707838080;B
20240228;100016;197.5;40;9707838081;B
20240228;100016;197.5;10;9707838083;B
20240228;100016;197.5;30;9707838085;B
20240228;100016;197.5;10;9707838089;B
20240228;100016;197.5;10;9707838090;B
20240228;100016;197.5;80;9707838092;B
20240228;100016;197.5;20;9707838094;B
20240228;100016;197.5;10;9707838095;B
20240228;100016;197.5;10;9707838098;B
20240228;100016;197.5;20;9707838099;B
20240228;100016;197.5;10;9707838101;B
20240228;100016;197.5;70;9707838105;B
20240228;100016;197.5;50;9707838106;B
20240228;100016;197.5;10;9707838107;B
20240228;100016;197.5;10;9707838108;B
20240228;100016;197.5;10;9707838109;B
20240228;100016;197.5;10;9707838110;B
20240228;100016;197.5;10;9707838111;B
20240228;100016;197.5;10;9707838112;B
20240228;100016;197.5;10;9707838113;B
20240228;100016;197.5;10;9707838114;B
20240228;100016;197.5;10;9707838115;B
20240228;100016;197.5;10;9707838116;B
20240228;100016;197.5;10;9707838117;B
20240228;100016;197.5;220;9707838118;B
20240228;100016;197.5;10;9707838119;B
20240228;100016;197.5;10;9707838120;B
20240228;100016;197.5;20;9707838121;B
20240228;100016;197.5;10;9707838122;B
20240228;100016;197.5;10;9707838152;B
20240228;100016;197.5;10;9707838153;B
20240228;100016;197.5;10;9707838154;B
20240228;100016;197.5;60;9707838162;B
20240228;100027;197.48;10;9707840943;B
20240228;100027;197.48;210;9707841015;B
20240228;100028;197.46;500;9707841382;B
20240228;100029;197.32;20;9707841878;S
20240228;100034;197.46;30;9707843197;B
20240228;100034;197.48;280;9707843198;B
20240228;100034;197.48;340;9707843199;B
20240228;100035;197.48;50;9707843485;B
20240228;100037;197.32;70;9707844121;S
20240228;100037;197.3;20;9707844122;S
20240228;100039;197.3;20;9707844616;S
20240228;100039;197.28;30;9707844617;S
20240228;100039;197.28;40;9707844618;S
20240228;100042;197.48;1260;9707845580;B
20240228;100042;197.5;890;9707845581;B
20240228;100042;197.5;10;9707845582;B
20240228;100042;197.56;2840;9707845583;B
20240228;100044;197.28;60;9707846075;S
20240228;100049;197.3;20;9707847514;B
20240228;100054;197.28;10;9707848854;S
20240228;100056;197.48;10;9707849335;B
20240228;100056;197.5;10;9707849336;B
20240228;100101;197.26;30;9707851311;S
20240228;100103;197.26;60;9707851972;S
20240228;100103;197.26;20;9707851973;S
20240228;100109;197.42;20;9707853636;B
20240228;100109;197.44;40;9707853637;B
20240228;100109;197.5;100;9707853638;B
20240228;100109;197.5;10;9707853639;B
20240228;100109;197.5;120;9707853640;S
20240228;100111;197.52;20;9707854011;B
20240228;100111;197.54;1260;9707854012;B
20240228;100111;197.56;5270;9707854013;B
20240228;100111;197.58;1530;9707854014;B
20240228;100111;197.58;1920;9707854015;B
20240228;100114;197.56;20;9707854648;B
20240228;100115;197.5;110;9707854835;S
20240228;100116;197.5;10;9707855038;S
20240228;100125;197.54;40;9707856652;B
20240228;100126;197.56;10;9707856907;B
20240228;100126;197.56;50;9707856929;B
20240228;100132;197.5;10;9707858171;S
20240228;100140;197.5;580;9707860108;S
20240228;100140;197.5;10;9707860109;S
20240228;100144;197.5;110;9707860699;S
20240228;100149;197.46;100;9707862378;B
20240228;100149;197.48;50;9707862379;B
20240228;100149;197.38;1250;9707862437;S
20240228;100150;197.38;20;9707862534;S
20240228;100158;197.3;30;9707864051;S
20240228;100205;197.46;20;9707865506;B
20240228;100205;197.46;140;9707865517;B
20240228;100205;197.48;110;9707865518;B
20240228;100217;197.4;300;9707868029;S
20240228;100217;197.46;20;9707868154;B
20240228;100218;197.46;20;9707868245;B
20240228;100218;197.48;200;9707868246;B
20240228;100218;197.5;70;9707868247;B
20240228;100222;197.42;10;9707868844;S
20240228;100233;197.4;600;9707870813;S
20240228;100233;197.38;820;9707870814;S
20240228;100234;197.4;50;9707871029;S
20240228;100236;197.42;20;9707871399;B
20240228;100236;197.46;10;9707871400;B
20240228;100236;197.48;70;9707871401;B
20240228;100241;197.44;40;9707872380;B
20240228;100247;197.42;110;9707873289;S
20240228;100247;197.42;90;9707873409;S
20240228;100249;197.44;50;9707873549;B
20240228;100249;197.44;110;9707873677;B
20240228;100249;197.44;120;9707873678;B
20240228;100249;197.44;100;9707873679;B
20240228;100258;197.48;50;9707874926;B
20240228;100259;197.48;20;9707875014;B
20240228;100259;197.48;440;9707875097;B
20240228;100259;197.48;1560;9707875098;B
20240228;100300;197.48;70;9707875240;B
20240228;100303;197.46;50;9707875551;B
20240228;100303;197.46;160;9707875590;B
20240228;100304;197.46;10;9707875774;B
20240228;100307;197.46;290;9707876228;B
20240228;100307;197.48;4770;9707876229;B
20240228;100312;197.44;40;9707877171;S
20240228;100317;197.46;100;9707877955;B
20240228;100317;197.46;900;9707877956;B
20240228;100320;197.44;10;9707878445;S
20240228;100326;197.44;10;9707879436;S
20240228;100326;197.44;10;9707879450;S
20240228;100331;197.46;10;9707880448;B
20240228;100332;197.46;20;9707880607;B
20240228;100332;197.44;90;9707880683;S
20240228;100332;197.44;10;9707880684;S
20240228;100333;197.44;50;9707881025;S
20240228;100333;197.42;600;9707881026;S
20240228;100333;197.4;120;9707881027;S
20240228;100333;197.4;10;9707881028;S
20240228;100333;197.38;610;9707881029;S
20240228;100333;197.38;180;9707881030;S
20240228;100333;197.38;590;9707881031;S
20240228;100333;197.38;80;9707881032;S
20240228;100333;197.38;120;9707881056;S
20240228;100333;197.38;40;9707881057;S
20240228;100334;197.38;280;9707881115;S
20240228;100334;197.34;10;9707881246;B
20240228;100341;197.3;50;9707883037;S
20240228;100341;197.32;660;9707883082;B
20240228;100341;197.32;110;9707883083;B
20240228;100341;197.38;120;9707883084;B
20240228;100352;197.38;10;9707885288;S
20240228;100354;197.38;30;9707885619;S
20240228;100354;197.38;70;9707885620;S
20240228;100355;197.38;10;9707885661;S
20240228;100355;197.4;80;9707885688;B
20240228;100355;197.42;20;9707885689;B
20240228;100403;197.38;10;9707887200;S
20240228;100404;197.4;10;9707887296;B
20240228;100404;197.38;10;9707887360;S
20240228;100404;197.38;10;9707887361;S
20240228;100405;197.38;20;9707887543;S
20240228;100405;197.38;120;9707887660;S
20240228;100405;197.38;60;9707887747;S
20240228;100406;197.38;110;9707887944;S
20240228;100406;197.36;130;9707887945;S
20240228;100406;197.36;60;9707887946;S
20240228;100406;197.36;10;9707887974;S
20240228;100406;197.34;10;9707887994;S
20240228;100406;197.32;370;9707888037;S
20240228;100408;197.3;120;9707888542;S
20240228;100409;197.36;80;9707888910;B
20240228;100409;197.38;920;9707888911;B
20240228;100411;197.32;10;9707889253;B
20240228;100414;197.32;20;9707889841;B
20240228;100416;197.3;20;9707890275;S
20240228;100417;197.32;90;9707890414;B
20240228;100420;197.32;10;9707890857;B
20240228;100420;197.32;500;9707890862;B
20240228;100420;197.32;100;9707890958;B
20240228;100421;197.3;20;9707891100;S
20240228;100423;197.3;10;9707891447;S
20240228;100423;197.3;10;9707891512;S
20240228;100426;197.3;30;9707891884;S
20240228;100430;197.32;570;9707892777;B
20240228;100430;197.32;10;9707892778;B
20240228;100430;197.38;110;9707892779;B
20240228;100430;197.38;500;9707892780;B
20240228;100430;197.4;200;9707892781;B
20240228;100430;197.42;510;9707892782;B
20240228;100430;197.42;1100;9707892783;B
20240228;100437;197.3;750;9707894137;S
20240228;100442;197.32;10;9707894855;B
20240228;100442;197.32;60;9707894950;B
20240228;100502;197.32;40;9707898385;B
20240228;100502;197.3;40;9707898442;S
20240228;100502;197.3;160;9707898443;S
20240228;100504;197.32;150;9707898779;B
20240228;100505;197.3;90;9707898938;S
20240228;100505;197.3;220;9707898939;S
20240228;100508;197.32;70;9707899424;B
20240228;100509;197.3;1000;9707899736;S
20240228;100513;197.32;120;9707900458;B
20240228;100519;197.28;10;9707901705;S
20240228;100519;197.26;90;9707901706;S
20240228;100534;197.26;40;9707904721;S
20240228;100534;197.26;1130;9707904815;S
20240228;100534;197.24;80;9707904816;S
20240228;100534;197.24;50;9707904817;S
20240228;100534;197.24;120;9707904818;S
20240228;100534;197.24;20;9707904819;S
20240228;100538;197.26;10;9707905455;B
20240228;100551;197.2;80;9707908517;S
20240228;100551;197.2;50;9707908525;S
20240228;100551;197.2;10;9707908571;S
20240228;100600;197.24;10;9707910329;B
20240228;100602;197.24;70;9707910744;B
20240228;100607;197.22;1260;9707911752;S
20240228;100607;197.22;30;9707911753;S
20240228;100607;197.2;60;9707911754;S
20240228;100607;197.16;300;9707911755;S
20240228;100613;197.22;10;9707913434;B
20240228;100616;197.16;50;9707914139;S
20240228;100617;197.16;10;9707914217;S
20240228;100618;197.16;500;9707914450;S
20240228;100630;197.14;50;9707916645;S
20240228;100630;197.12;150;9707916646;S
20240228;100638;197.1;20;9707917950;S
20240228;100644;197.1;10;9707919100;S
20240228;100648;197.1;10;9707920143;S
20240228;100649;197.1;20;9707920443;B
20240228;100652;197.1;30;9707920935;B
20240228;100654;197.08;20;9707921371;S
20240228;100655;197.1;20;9707921510;B
20240228;100700;197.1;10;9707922277;B
20240228;100704;197.1;240;9707922985;B
20240228;100704;197.1;100;9707922986;B
20240228;100704;197.1;300;9707922987;B
20240228;100706;197.2;300;9707923357;B
20240228;100718;197.12;10;9707925397;S
20240228;100724;197.12;40;9707926842;S
20240228;100726;197.18;10;9707927023;B
20240228;100726;197.18;40;9707927024;B
20240228;100727;197.2;50;9707927415;B
20240228;100746;197.12;10;9707930306;B
20240228;100755;197.12;10;9707932657;B
20240228;100755;197.12;130;9707932714;B
20240228;100755;197.14;90;9707932715;B
20240228;100755;197.16;80;9707932716;B
20240228;100806;197.18;50;9707934961;B
20240228;100806;197.18;460;9707934963;B
20240228;100806;197.18;10;9707934964;B
20240228;100806;197.18;50;9707934965;B
20240228;100806;197.2;60;9707934966;B
20240228;100806;197.2;530;9707934967;B
20240228;100806;197.2;300;9707934968;B
20240228;100806;197.2;90;9707934969;B
20240228;100806;197.22;240;9707934970;B
20240228;100806;197.24;90;9707934971;B
20240228;100806;197.24;10;9707934972;B
20240228;100806;197.26;160;9707934973;B
20240228;100815;197.26;320;9707936558;B
20240228;100815;197.26;20;9707936559;B
20240228;100815;197.28;170;9707936561;B
20240228;100815;197.28;340;9707936562;B
20240228;100816;197.28;480;9707936726;B
20240228;100816;197.28;30;9707936727;B
20240228;100819;197.28;50;9707937229;S
20240228;100824;197.34;10;9707938310;B
20240228;100825;197.34;10;9707938465;B
20240228;100840;197.34;20;9707941160;B
20240228;100846;197.34;20;9707942083;B
20240228;100848;197.3;20;9707942329;B
20240228;100848;197.3;20;9707942341;B
20240228;100848;197.28;400;9707942415;S
20240228;100853;197.3;10;9707943138;B
20240228;100855;197.34;90;9707943451;B
20240228;100855;197.42;10;9707943452;B
20240228;100855;197.42;90;9707943453;B
20240228;100855;197.44;10;9707943454;B
20240228;100909;197.42;80;9707945860;B
20240228;100909;197.42;40;9707945861;B
20240228;100910;197.42;10;9707945925;S
20240228;100910;197.42;10;9707945926;S
20240228;100912;197.44;40;9707946402;B
20240228;100913;197.42;10;9707946494;S
20240228;100913;197.42;10;9707946519;S
20240228;100913;197.42;10;9707946520;S
20240228;100913;197.42;10;9707946612;S
20240228;100914;197.42;10;9707946652;S
20240228;100914;197.44;210;9707946706;B
20240228;100914;197.42;20;9707946707;S
20240228;100916;197.42;990;9707946913;S
20240228;100916;197.4;10;9707946914;S
20240228;100916;197.4;10;9707946915;S
20240228;100934;197.42;300;9707949394;B
20240228;100947;197.42;10;9707951340;B
20240228;100949;197.42;10;9707951505;B
20240228;100949;197.42;30;9707951522;B
20240228;100958;197.42;10;9707953186;B
20240228;100958;197.42;10;9707953211;B
20240228;101004;197.42;440;9707954259;B
20240228;101004;197.44;70;9707954260;B
20240228;101004;197.46;50;9707954318;B
20240228;101004;197.46;150;9707954319;B
20240228;101021;197.46;290;9707956710;B
20240228;101029;197.46;20;9707957908;B
20240228;101030;197.46;10;9707958020;B
20240228;101041;197.4;10;9707960002;S
20240228;101041;197.4;50;9707960003;S
20240228;101041;197.38;10;9707960004;S
20240228;101042;197.34;10;9707960118;S
20240228;101042;197.32;80;9707960119;S
20240228;101042;197.32;80;9707960120;S
20240228;101042;197.3;40;9707960121;S
20240228;101042;197.3;500;9707960122;S
20240228;101042;197.26;30;9707960123;S
20240228;101042;197.26;1260;9707960124;S
20240228;101053;197.42;10;9707962086;B
20240228;101055;197.32;80;9707962345;S
20240228;101055;197.3;1840;9707962346;S
20240228;101055;197.28;280;9707962347;S
20240228;101058;197.36;20;9707962836;B
20240228;101059;197.24;50;9707962964;S
20240228;101100;197.34;30;9707963289;B
20240228;101101;197.34;10;9707963353;B
20240228;101108;197.38;30;9707965412;B
20240228;101123;197.34;10;9707968646;S
20240228;101125;197.34;10;9707969357;S
20240228;101129;197.34;10;9707970323;S
20240228;101129;197.34;10;9707970356;S
20240228;101141;197.34;50;9707972979;S
20240228;101145;197.34;10;9707973780;B
20240228;101147;197.34;940;9707974070;B
20240228;101147;197.36;70;9707974071;B
20240228;101147;197.38;80;9707974072;B
20240228;101147;197.4;50;9707974073;B
20240228;101147;197.42;210;9707974074;B
20240228;101148;197.44;10;9707974426;B
20240228;101154;197.42;10;9707975289;B
20240228;101158;197.44;1830;9707975995;B
20240228;101158;197.46;100;9707975996;B
20240228;101158;197.46;1060;9707975997;B
20240228;101158;197.46;10;9707975998;B
20240228;101158;197.46;70;9707975999;B
20240228;101158;197.48;1990;9707976000;B
20240228;101201;197.48;5060;9707976622;B
20240228;101201;197.48;1550;9707976647;B
20240228;101202;197.48;200;9707976661;S
20240228;101202;197.44;30;9707976662;S
20240228;101202;197.44;1530;9707976663;S
20240228;101202;197.42;280;9707976664;S
20240228;101202;197.42;500;9707976665;S
20240228;101207;197.38;20;9707977842;S
20240228;101208;197.38;10;9707978032;S
20240228;101209;197.42;20;9707978443;B
20240228;101212;197.42;40;9707979014;B
20240228;101212;197.42;60;9707979015;B
20240228;101214;197.42;220;9707979520;B
20240228;101216;197.42;10;9707979834;B
20240228;101220;197.42;40;9707980655;B
20240228;101221;197.42;1000;9707980716;B
20240228;101234;197.42;50;9707983358;B
20240228;101239;197.42;10;9707984477;B
20240228;101252;197.42;10;9707987255;B
20240228;101252;197.42;10;9707987256;B
20240228;101258;197.48;10;9707988301;B
20240228;101258;197.48;140;9707988302;B
20240228;101300;197.42;10;9707988865;S
20240228;101300;197.42;140;9707988878;S
20240228;101300;197.42;70;9707988913;B
20240228;101314;197.44;30;9707991989;S
20240228;101321;197.5;10;9707993164;B
20240228;101333;197.5;100;9707996321;B
20240228;101334;197.5;210;9707996527;B
20240228;101336;197.5;20;9707997200;B
20240228;101338;197.5;300;9707997353;B
20240228;101339;197.5;60;9707997519;B
20240228;101342;197.48;10;9707998105;S
20240228;101343;197.44;90;9707998366;S
20240228;101343;197.42;10;9707998367;S
20240228;101343;197.42;10;9707998368;S
20240228;101343;197.5;50;9707998523;B
20240228;101355;197.5;180;9708000503;B
20240228;101401;197.46;40;9708001285;S
20240228;101401;197.46;70;9708001286;S
20240228;101401;197.5;10;9708001413;B
20240228;101405;197.5;1000;9708002059;B
20240228;101412;197.5;40;9708003160;B
20240228;101426;197.42;300;9708005682;S
20240228;101434;197.48;80;9708007190;B
20240228;101434;197.5;20;9708007191;B
20240228;101437;197.5;40;9708007620;B
20240228;101440;197.5;30;9708007965;B
20240228;101440;197.5;10;9708007966;B
20240228;101440;197.5;80;9708007967;B
20240228;101440;197.5;50;9708007968;B
20240228;101440;197.56;100;9708007969;B
20240228;101440;197.56;530;9708007970;B
20240228;101440;197.58;200;9708007971;B
20240228;101502;197.56;100;9708011765;B
20240228;101505;197.48;10;9708012711;S
20240228;101508;197.56;160;9708013820;B
20240228;101508;197.56;10;9708013821;B
20240228;101508;197.56;70;9708013822;B
20240228;101508;197.58;4760;9708013823;B
20240228;101511;197.48;10;9708014750;S
20240228;101511;197.48;40;9708014751;S
20240228;101512;197.56;30;9708014857;B
20240228;101512;197.56;10;9708015127;B
20240228;101512;197.56;130;9708015128;B
20240228;101512;197.58;760;9708015129;B
20240228;101512;197.58;410;9708015130;B
20240228;101516;197.5;50;9708015837;S
20240228;101517;197.56;50;9708016000;B
20240228;101517;197.58;650;9708016001;B
20240228;101520;197.58;500;9708016580;B
20240228;101522;197.58;20;9708017227;B
20240228;101523;197.58;780;9708017516;B
20240228;101523;197.58;720;9708017517;B
20240228;101524;197.58;40;9708017638;B
20240228;101530;197.58;300;9708019210;B
20240228;101531;197.58;20;9708019559;B
20240228;101544;197.58;330;9708022306;B
20240228;101544;197.58;100;9708022308;B
20240228;101547;197.58;400;9708022828;B
20240228;101547;197.58;180;9708022902;B
20240228;101548;197.58;400;9708023134;B
20240228;101550;197.58;70;9708023523;B
20240228;101550;197.58;10;9708023524;B
20240228;101550;197.6;120;9708023525;B
20240228;101552;197.6;400;9708024070;B
20240228;101552;197.6;400;9708024262;B
20240228;101552;197.6;400;9708024327;B
20240228;101553;197.6;400;9708024420;B
20240228;101555;197.6;250;9708024842;B
20240228;101556;197.58;40;9708025297;S
20240228;101557;197.6;10;9708025414;B
20240228;101557;197.6;10;9708025468;B
20240228;101557;197.6;10;9708025485;B
20240228;101557;197.58;10;9708025499;S
20240228;101557;197.6;10;9708025513;B
20240228;101557;197.6;10;9708025520;B
20240228;101557;197.6;20;9708025521;B
20240228;101557;197.6;10;9708025523;B
20240228;101557;197.6;20;9708025524;B
20240228;101557;197.6;10;9708025526;B
20240228;101557;197.6;10;9708025527;B
20240228;101557;197.6;10;9708025528;B
20240228;101557;197.6;10;9708025529;B
20240228;101557;197.6;20;9708025530;B
20240228;101557;197.6;20;9708025545;B
20240228;101557;197.6;10;9708025563;B
20240228;101557;197.58;10;9708025564;S
20240228;101557;197.6;20;9708025568;B
20240228;101557;197.6;10;9708025573;B
20240228;101557;197.6;10;9708025575;B
20240228;101557;197.6;20;9708025605;B
20240228;101557;197.6;20;9708025606;B
20240228;101557;197.6;20;9708025611;B
20240228;101557;197.6;90;9708025623;B
20240228;101557;197.6;10;9708025624;B
20240228;101558;197.6;30;9708025629;B
20240228;101558;197.6;30;9708025637;B
20240228;101558;197.6;30;9708025658;B
20240228;101558;197.6;10;9708025675;B
20240228;101558;197.6;10;9708025676;B
20240228;101601;197.6;20;9708026598;B
20240228;101607;197.6;800;9708027850;B
20240228;101611;197.58;200;9708028708;S
20240228;101612;197.6;10;9708028990;B
20240228;101618;197.6;250;9708030162;B
20240228;101618;197.6;300;9708030193;B
20240228;101621;197.6;300;9708030696;B
20240228;101621;197.6;10;9708030771;B
20240228;101621;197.58;40;9708030772;S
20240228;101621;197.58;10;9708030846;S
20240228;101621;197.58;20;9708030859;S
20240228;101623;197.6;500;9708031127;B
20240228;101626;197.6;10;9708031668;B
20240228;101626;197.6;10;9708031713;B
20240228;101626;197.6;80;9708031736;B
20240228;101627;197.58;70;9708031889;S
20240228;101627;197.56;430;9708031890;S
20240228;101627;197.6;160;9708031939;B
20240228;101627;197.6;210;9708031940;B
20240228;101627;197.6;20;9708031942;B
20240228;101627;197.6;40;9708031944;B
20240228;101627;197.6;80;9708031946;B
20240228;101627;197.6;60;9708031947;B
20240228;101627;197.6;60;9708031949;B
20240228;101627;197.6;40;9708031950;B
20240228;101627;197.6;40;9708031951;B
20240228;101627;197.6;140;9708031952;B
20240228;101627;197.6;40;9708031953;B
20240228;101627;197.6;70;9708031954;B
20240228;101627;197.6;40;9708031956;B
20240228;101627;197.6;120;9708031957;B
20240228;101627;197.6;60;9708031958;B
20240228;101627;197.6;30;9708031959;B
20240228;101627;197.6;50;9708031960;B
20240228;101627;197.6;390;9708031961;B
20240228;101627;197.6;40;9708031962;B
20240228;101627;197.6;40;9708031963;B
20240228;101627;197.6;30;9708031964;B
20240228;101627;197.6;70;9708031965;B
20240228;101627;197.6;80;9708031966;B
20240228;101627;197.6;60;9708031967;B
20240228;101627;197.6;30;9708031968;B
20240228;101627;197.6;50;9708031969;B
20240228;101627;197.6;30;9708031970;B
20240228;101627;197.6;40;9708031971;B
20240228;101627;197.6;80;9708031972;B
20240228;101627;197.6;90;9708031973;B
20240228;101627;197.6;60;9708031974;B
20240228;101627;197.6;80;9708031975;B
20240228;101627;197.6;290;9708031976;B
20240228;101627;197.6;70;9708031977;B
20240228;101627;197.6;40;9708031978;B
20240228;101627;197.6;80;9708031979;B
20240228;101627;197.6;50;9708031980;B
20240228;101629;197.6;70;9708032466;B
20240228;101630;197.6;140;9708032681;B
20240228;101630;197.6;20;9708032682;B
20240228;101630;197.6;340;9708032684;B
20240228;101630;197.6;10;9708032685;B
20240228;101630;197.6;50;9708032686;B
20240228;101630;197.6;30;9708032688;B
20240228;101630;197.6;120;9708032690;B
20240228;101630;197.6;80;9708032694;B
20240228;101630;197.6;50;9708032696;B
20240228;101630;197.6;50;9708032697;B
20240228;101630;197.6;70;9708032698;B
20240228;101630;197.6;140;9708032699;B
20240228;101630;197.6;90;9708032700;B
20240228;101630;197.6;30;9708032701;B
20240228;101630;197.6;140;9708032702;B
20240228;101630;197.6;20;9708032703;B
20240228;101630;197.6;20;9708032704;B
20240228;101630;197.6;120;9708032705;B
20240228;101630;197.6;30;9708032706;B
20240228;101630;197.6;40;9708032707;B
20240228;101630;197.6;250;9708032709;B
20240228;101630;197.6;50;9708032710;B
20240228;101630;197.6;60;9708032711;B
20240228;101630;197.6;30;9708032712;B
20240228;101630;197.6;30;9708032713;B
20240228;101630;197.6;10;9708032714;B
20240228;101630;197.6;60;9708032715;B
20240228;101630;197.6;60;9708032716;B
20240228;101633;197.6;50;9708033362;B
20240228;101634;197.6;20;9708033380;B
20240228;101634;197.6;10;9708033381;B
20240228;101634;197.6;50;9708033382;B
20240228;101634;197.6;20;9708033383;B
20240228;101638;197.6;10;9708034206;B
20240228;101639;197.6;10;9708034384;B
20240228;101640;197.56;20;9708034579;S
20240228;101640;197.6;90;9708034628;B
20240228;101640;197.6;90;9708034629;B
20240228;101640;197.6;50;9708034630;B
20240228;101640;197.62;7940;9708034631;B
20240228;101644;197.62;2060;9708035229;B
20240228;101644;197.62;440;9708035230;S
20240228;101644;197.62;30;9708035231;S
20240228;101644;197.6;530;9708035232;S
20240228;101645;197.7;10;9708035358;B
20240228;101645;197.7;10;9708035401;B
20240228;101645;197.7;30;9708035402;B
20240228;101645;197.72;10;9708035403;B
20240228;101646;197.72;40;9708035598;B
20240228;101646;197.74;110;9708035599;B
20240228;101646;197.76;60;9708035600;B
20240228;101651;197.72;10;9708036444;B
20240228;101651;197.74;30;9708036445;B
20240228;101651;197.74;80;9708036446;B
20240228;101651;197.74;110;9708036447;B
20240228;101651;197.76;500;9708036448;B
20240228;101651;197.78;40;9708036449;B
20240228;101651;197.78;230;9708036450;B
20240228;101651;197.68;40;9708036528;S
20240228;101652;197.78;270;9708036606;B
20240228;101652;197.78;20;9708036607;B
20240228;101652;197.8;50;9708036608;B
20240228;101652;197.8;260;9708036609;B
20240228;101652;197.8;150;9708036730;B
20240228;101652;197.8;1390;9708036749;B
20240228;101652;197.82;610;9708036750;B
20240228;101653;197.82;200;9708036971;B
20240228;101654;197.82;60;9708037087;B
20240228;101654;197.82;20;9708037119;B
20240228;101655;197.82;10;9708037225;B
20240228;101655;197.82;10;9708037262;B
20240228;101658;197.8;200;9708037786;B
20240228;101703;197.82;250;9708038533;B
20240228;101706;197.82;40;9708038971;B
20240228;101706;197.82;60;9708038972;B
20240228;101706;197.74;90;9708039048;S
20240228;101706;197.72;10;9708039049;S
20240228;101708;197.78;90;9708039308;B
20240228;101708;197.8;60;9708039309;B
20240228;101710;197.82;10;9708039624;B
20240228;101712;197.8;10;9708039987;B
20240228;101712;197.82;1000;9708039988;B
20240228;101713;197.8;140;9708040151;B
20240228;101713;197.82;60;9708040152;B
20240228;101713;197.82;10;9708040273;B
20240228;101714;197.82;800;9708040371;B
20240228;101718;197.72;30;9708041805;S
20240228;101719;197.8;10;9708042040;B
20240228;101719;197.8;30;9708042041;B
20240228;101719;197.82;60;9708042042;B
20240228;101719;197.82;100;9708042043;B
20240228;101720;197.82;20;9708042332;B
20240228;101720;197.84;10;9708042333;B
20240228;101721;197.74;40;9708042439;S
20240228;101725;197.8;40;9708043801;B
20240228;101725;197.82;80;9708043802;B
20240228;101726;197.82;20;9708043915;B
20240228;101727;197.82;10;9708044044;B
20240228;101728;197.82;140;9708044327;B
20240228;101730;197.82;30;9708044771;B
20240228;101730;197.84;210;9708044772;B
20240228;101737;197.84;280;9708046034;B
20240228;101737;197.84;10;9708046035;B
20240228;101737;197.84;210;9708046036;B
20240228;101739;197.88;10;9708046195;B
20240228;101740;197.88;250;9708046467;B
20240228;101742;197.88;100;9708046803;B
20240228;101744;197.88;50;9708047147;B
20240228;101747;197.88;200;9708047512;B
20240228;101748;197.88;100;9708047655;B
20240228;101748;197.88;10;9708047688;B
20240228;101754;197.88;10;9708048773;B
20240228;101755;197.84;500;9708049017;S
20240228;101756;197.84;300;9708049216;S
20240228;101801;197.84;10;9708050358;B
20240228;101802;197.84;100;9708050833;B
20240228;101807;197.84;50;9708051690;B
20240228;101807;197.84;2000;9708051699;B
20240228;101807;197.84;40;9708051754;B
20240228;101809;197.9;10;9708052099;B
20240228;101809;197.94;20;9708052100;B
20240228;101809;197.94;160;9708052101;B
20240228;101809;197.94;100;9708052102;B
20240228;101809;197.96;240;9708052103;B
20240228;101809;197.96;70;9708052104;B
20240228;101809;197.98;10;9708052105;B
20240228;101809;197.98;100;9708052106;B
20240228;101809;197.98;290;9708052107;B
20240228;101815;197.88;60;9708053301;B
20240228;101815;197.92;90;9708053302;B
20240228;101815;197.92;100;9708053303;B
20240228;101815;197.94;10;9708053304;B
20240228;101815;197.94;500;9708053305;B
20240228;101815;197.96;30;9708053306;B
20240228;101815;197.98;2220;9708053307;B
20240228;101815;197.98;20;9708053308;B
20240228;101815;197.98;1260;9708053309;B
20240228;101815;198;60;9708053310;B
20240228;101815;198;240;9708053311;B
20240228;101815;198;200;9708053312;B
20240228;101815;198;500;9708053313;B
20240228;101815;198;10;9708053314;B
20240228;101815;198;50;9708053315;B
20240228;101815;198;20;9708053316;B
20240228;101815;198;10;9708053317;B
20240228;101815;198;50;9708053318;B
20240228;101815;198;1000;9708053319;B
20240228;101815;198;30;9708053320;B
20240228;101815;198;10;9708053321;B
20240228;101817;198;80;9708053470;S
20240228;101821;198.04;100;9708054114;B
20240228;101823;198.04;80;9708054417;B
20240228;101823;198.04;90;9708054418;B
20240228;101827;198.04;20;9708055247;B
20240228;101830;198.04;10;9708055591;B
20240228;101830;198;30;9708055657;S
20240228;101833;198.02;500;9708056625;B
20240228;101839;198.02;10;9708057603;B
20240228;101840;198.02;10;9708057665;B
20240228;101841;198;250;9708057838;S
20240228;101841;198.02;500;9708057849;B
20240228;101841;198.02;70;9708057850;B
20240228;101847;198;320;9708059334;S
20240228;101848;198;90;9708059464;S
20240228;101849;198;2500;9708059645;S
20240228;101850;198.02;10;9708059687;B
20240228;101850;198.02;400;9708059845;B
20240228;101856;198;10;9708061081;S
20240228;101856;198;250;9708061098;S
20240228;101858;198.02;20;9708061370;B
20240228;101859;198;3000;9708061602;S
20240228;101859;198;20;9708061603;S
20240228;101906;197.9;50;9708062963;B
20240228;101908;197.9;120;9708063362;B
20240228;101908;197.92;80;9708063363;B
20240228;101910;197.9;20;9708064161;B
20240228;101912;197.82;10;9708064805;S
20240228;101912;197.82;10;9708064806;S
20240228;101912;197.82;160;9708064807;S
20240228;101912;197.8;10;9708064808;S
20240228;101912;197.8;610;9708064809;S
20240228;101912;197.8;110;9708064810;S
20240228;101912;197.76;250;9708064811;S
20240228;101914;197.82;100;9708065438;B
20240228;101916;197.8;10;9708065923;B
20240228;101918;197.7;20;9708066363;S
20240228;101919;197.8;10;9708066544;B
20240228;101932;197.7;110;9708068527;S
20240228;101939;197.78;10;9708069594;B
20240228;101946;197.78;10;9708070560;B
20240228;101951;197.7;290;9708071481;S
20240228;101951;197.7;10;9708071482;S
20240228;101953;197.78;50;9708071842;B
20240228;101955;197.7;10;9708072011;S
20240228;101955;197.7;130;9708072012;S
20240228;101958;197.78;70;9708072638;B
20240228;101958;197.78;110;9708072639;B
20240228;101958;197.8;60;9708072640;B
20240228;101958;197.8;1530;9708072641;B
20240228;101958;197.8;60;9708072642;B
20240228;101958;197.8;500;9708072643;B
20240228;101958;197.84;1260;9708072644;B
20240228;101958;197.98;200;9708072645;B
20240228;101958;197.98;510;9708072646;B
20240228;101958;197.98;120;9708072647;B
20240228;101958;198;1580;9708072648;B
20240228;102011;197.78;10;9708075575;S
20240228;102011;197.76;40;9708075576;S
20240228;102011;197.76;110;9708075577;S
20240228;102011;197.76;240;9708075578;S
20240228;102011;197.74;600;9708075579;S
20240228;102019;197.84;110;9708078114;B
20240228;102019;197.84;490;9708078115;B
20240228;102029;197.78;10;9708083057;S
20240228;102029;197.78;300;9708083058;S
20240228;102029;197.78;10;9708083059;S
20240228;102029;197.78;10;9708083060;S
20240228;102029;197.76;100;9708083061;S
20240228;102029;197.76;100;9708083062;S
20240228;102029;197.74;500;9708083063;S
20240228;102029;197.72;250;9708083064;S
20240228;102029;197.7;70;9708083065;S
20240228;102029;197.7;10;9708083066;S
20240228;102029;197.7;140;9708083067;S
20240228;102030;197.84;10;9708083283;B
20240228;102034;197.78;10;9708084656;S
20240228;102034;197.78;10;9708084657;S
20240228;102034;197.7;40;9708084658;S
20240228;102034;197.7;10;9708084659;S
20240228;102034;197.7;60;9708084660;S
20240228;102034;197.7;100;9708084661;S
20240228;102034;197.7;10;9708084666;B
20240228;102035;197.7;10;9708084674;B
20240228;102036;197.7;700;9708085353;B
20240228;102046;197.68;10;9708089074;S
20240228;102047;197.7;3960;9708089391;B
20240228;102047;197.7;100;9708089392;B
20240228;102047;197.7;440;9708089393;B
20240228;102051;197.78;20;9708090797;B
20240228;102052;197.8;40;9708091114;B
20240228;102101;197.78;10;9708094531;S
20240228;102119;197.72;10;9708101816;B
20240228;102121;197.7;10;9708102329;S
20240228;102121;197.7;10;9708102330;S
20240228;102123;197.68;10;9708102695;S
20240228;102123;197.66;90;9708102696;S
20240228;102125;197.7;40;9708103153;B
20240228;102130;197.66;250;9708105287;S
20240228;102130;197.68;10;9708105339;B
20240228;102131;197.66;250;9708105466;S
20240228;102133;197.68;120;9708105943;B
20240228;102149;197.66;20;9708111608;S
20240228;102156;197.68;10;9708112922;B
20240228;102158;197.68;10;9708114273;B
20240228;102159;197.66;20;9708114318;S
20240228;102205;197.66;290;9708116649;S
20240228;102205;197.68;10;9708116731;B
20240228;102207;197.66;590;9708117314;S
20240228;102210;197.68;90;9708118715;B
20240228;102210;197.68;10;9708118716;B
20240228;102216;197.66;30;9708120309;S
20240228;102216;197.66;10;9708120310;S
20240228;102216;197.62;10;9708120311;S
20240228;102216;197.62;90;9708120312;S
20240228;102216;197.6;970;9708120313;S
20240228;102216;197.56;550;9708120314;S
20240228;102216;197.56;10;9708120315;S
20240228;102216;197.56;50;9708120316;S
20240228;102216;197.52;1280;9708120317;S
20240228;102227;197.56;100;9708122986;B
20240228;102230;197.5;10;9708124832;S
20240228;102241;197.5;130;9708128947;S
20240228;102241;197.5;50;9708128948;S
20240228;102241;197.5;680;9708128949;S
20240228;102241;197.5;120;9708128950;B
20240228;102241;197.5;320;9708128951;B
20240228;102253;197.56;10;9708134506;S
20240228;102310;197.56;10;9708141725;S
20240228;102310;197.66;10;9708141961;B
20240228;102311;197.58;1340;9708142181;S
20240228;102312;197.66;50;9708142854;B
20240228;102316;197.66;40;9708144619;B
20240228;102320;197.66;20;9708146801;B
20240228;102325;197.66;40;9708148003;S
20240228;102333;197.66;20;9708150991;S
20240228;102333;197.68;10;9708151079;B
20240228;102344;197.74;20;9708154645;B
20240228;102344;197.74;10;9708154646;B
20240228;102344;197.74;10;9708154647;B
20240228;102349;197.74;10;9708155998;B
20240228;102353;197.66;70;9708157622;S
20240228;102353;197.66;10;9708157648;S
20240228;102354;197.66;40;9708157776;S
20240228;102354;197.64;70;9708157777;S
20240228;102354;197.62;150;9708157778;S
20240228;102402;197.58;20;9708160430;S
20240228;102438;197.6;10;9708176881;B
20240228;102438;197.62;10;9708176942;B
20240228;102438;197.62;20;9708176965;B
20240228;102439;197.62;10;9708177149;B
20240228;102440;197.62;10;9708177344;B
20240228;102440;197.58;130;9708177618;S
20240228;102440;197.62;10;9708177817;B
20240228;102440;197.6;10;9708177863;B
20240228;102444;197.58;150;9708178904;S
20240228;102444;197.58;50;9708178905;S
20240228;102447;197.56;110;9708180757;S
20240228;102447;197.56;100;9708180758;S
20240228;102447;197.56;20;9708180759;S
20240228;102447;197.54;60;9708180773;B
20240228;102447;197.56;50;9708180774;B
20240228;102447;197.56;20;9708180776;B
20240228;102447;197.56;110;9708180799;B
20240228;102447;197.56;20;9708180800;B
20240228;102447;197.56;110;9708180825;B
20240228;102447;197.56;20;9708180827;B
20240228;102447;197.56;110;9708180838;B
20240228;102447;197.56;20;9708180839;B
20240228;102447;197.56;40;9708180843;B
20240228;102451;197.6;60;9708182447;B
20240228;102457;197.62;70;9708183983;B
20240228;102458;197.6;10;9708184846;S
20240228;102502;197.62;20;9708185460;B
20240228;102505;197.62;50;9708186779;B
20240228;102505;197.62;50;9708186780;B
20240228;102517;197.68;10;9708189858;B
20240228;102525;197.68;70;9708192422;B
20240228;102525;197.68;60;9708192423;B
20240228;102525;197.68;30;9708192424;B
20240228;102526;197.68;10;9708192764;B
20240228;102547;197.62;80;9708199421;S
20240228;102555;197.6;230;9708200755;S
20240228;102555;197.6;160;9708200756;S
20240228;102555;197.6;100;9708200757;S
20240228;102555;197.58;60;9708200758;S
20240228;102555;197.56;70;9708200759;S
20240228;102555;197.56;20;9708200760;S
20240228;102555;197.56;360;9708200761;S
20240228;102558;197.6;500;9708201243;B
20240228;102604;197.6;1000;9708202026;B
20240228;102627;197.6;210;9708205266;B
20240228;102631;197.6;1400;9708205853;B
20240228;102631;197.6;60;9708205854;B
20240228;102631;197.64;80;9708205855;B
20240228;102643;197.64;50;9708207486;S
20240228;102645;197.64;10;9708207619;S
20240228;102646;197.64;920;9708207838;S
20240228;102646;197.62;60;9708207839;S
20240228;102646;197.56;110;9708207840;S
20240228;102646;197.56;20;9708207841;S
20240228;102646;197.56;1260;9708207842;S
20240228;102646;197.56;320;9708207843;S
20240228;102646;197.54;300;9708207844;S
20240228;102646;197.54;10;9708207845;S
20240228;102653;197.56;110;9708208799;S
20240228;102653;197.56;20;9708208800;S
20240228;102653;197.56;60;9708208801;S
20240228;102653;197.54;60;9708208802;S
20240228;102653;197.54;750;9708208803;S
20240228;102705;197.58;40;9708210909;B
20240228;102707;197.58;20;9708211462;B
20240228;102708;197.58;2340;9708211603;B
20240228;102708;197.58;60;9708211604;B
20240228;102708;197.64;100;9708211605;B
20240228;102709;197.64;60;9708211699;B
20240228;102709;197.64;40;9708211700;B
20240228;102717;197.56;110;9708213698;S
20240228;102717;197.56;80;9708213710;B
20240228;102719;197.54;10;9708214386;S
20240228;102727;197.54;10;9708216586;B
20240228;102741;197.52;100;9708220886;S
20240228;102741;197.52;60;9708220887;S
20240228;102741;197.5;10;9708220888;S
20240228;102741;197.5;30;9708220889;S
20240228;102741;197.5;30;9708220890;S
20240228;102745;197.52;60;9708221866;S
20240228;102745;197.52;50;9708221867;B
20240228;102748;197.56;90;9708222337;B
20240228;102809;197.64;10;9708226900;B
20240228;102812;197.64;10;9708227161;B
20240228;102812;197.64;10;9708227162;B
20240228;102812;197.64;20;9708227163;B
20240228;102812;197.64;20;9708227165;B
20240228;102812;197.64;10;9708227166;B
20240228;102812;197.64;20;9708227167;B
20240228;102827;197.58;200;9708229326;S
20240228;102827;197.56;350;9708229327;S
20240228;102844;197.64;10;9708231755;B
20240228;102846;197.64;10;9708232094;B
20240228;102846;197.64;10;9708232095;B
20240228;102846;197.64;20;9708232096;B
20240228;102846;197.64;20;9708232097;B
20240228;102846;197.64;40;9708232098;B
20240228;102853;197.64;160;9708233068;B
20240228;102853;197.64;20;9708233069;B
20240228;102853;197.64;10;9708233070;B
20240228;102853;197.64;20;9708233071;B
20240228;102853;197.64;10;9708233072;B
20240228;102853;197.64;20;9708233078;S
20240228;102853;197.64;20;9708233079;B
20240228;102853;197.64;20;9708233083;B
20240228;102853;197.64;20;9708233085;B
20240228;102853;197.62;550;9708233096;S
20240228;102853;197.64;20;9708233098;B
20240228;102859;197.62;710;9708233866;S
20240228;102859;197.6;80;9708233867;S
20240228;102859;197.6;60;9708233868;S
20240228;102859;197.54;500;9708233869;S
20240228;102859;197.5;200;9708233870;S
20240228;102859;197.46;340;9708233871;S
20240228;102859;197.44;990;9708233872;S
20240228;102859;197.44;510;9708233873;S
20240228;102859;197.42;10;9708233874;S
20240228;102859;197.42;200;9708233875;S
20240228;102859;197.42;400;9708233876;S
20240228;102859;197.42;500;9708233877;S
20240228;102859;197.4;150;9708233878;S
20240228;102859;197.4;180;9708233879;S
20240228;102859;197.4;670;9708233880;S
20240228;102900;197.54;510;9708234021;S
20240228;102908;197.64;10;9708235165;B
20240228;102914;197.62;80;9708235907;B
20240228;102914;197.64;10;9708235908;B
20240228;102914;197.64;100;9708235909;B
20240228;102914;197.66;320;9708235910;B
20240228;102937;197.64;20;9708238861;B
20240228;102937;197.64;480;9708238862;B
20240228;102940;197.64;20;9708239245;B
20240228;102943;197.64;250;9708239584;B
20240228;102947;197.64;360;9708240000;B
20240228;102947;197.64;20;9708240001;B
20240228;102947;197.64;50;9708240002;B
20240228;102947;197.68;80;9708240003;B
20240228;102959;197.62;40;9708241212;S
20240228;103006;197.62;20;9708241906;S
20240228;103014;197.58;60;9708242956;S
20240228;103014;197.58;20;9708242957;S
20240228;103014;197.56;230;9708242958;S
20240228;103016;197.64;20;9708243159;B
20240228;103016;197.64;40;9708243160;B
20240228;103022;197.64;20;9708243801;B
20240228;103022;197.66;10;9708243802;B
20240228;103042;197.62;10;9708245954;B
20240228;103043;197.6;10;9708246147;S
20240228;103044;197.56;10;9708246244;S
20240228;103045;197.5;10;9708246396;S
20240228;103053;197.58;10;9708247202;B
20240228;103053;197.58;40;9708247203;B
20240228;103109;197.58;50;9708248797;B
20240228;103109;197.6;80;9708248798;B
20240228;103110;197.6;260;9708248976;B
20240228;103110;197.62;800;9708248977;B
20240228;103110;197.62;50;9708248978;B
20240228;103110;197.64;10;9708248979;B
20240228;103110;197.64;880;9708248980;B
20240228;103121;197.54;50;9708249967;S
20240228;103124;197.6;20;9708250325;B
20240228;103125;197.62;10;9708250379;B
20240228;103139;197.6;10;9708251510;B
20240228;103139;197.54;10;9708251535;S
20240228;103139;197.52;50;9708251536;S
20240228;103139;197.52;40;9708251537;S
20240228;103217;197.52;10;9708255328;S
20240228;103319;197.54;360;9708262107;S
20240228;103324;197.62;150;9708262786;B
20240228;103335;197.52;50;9708264384;S
20240228;103339;197.6;10;9708264918;B
20240228;103343;197.6;30;9708265317;B
20240228;103410;197.6;10;9708268352;B
20240228;103427;197.54;60;9708271093;S
20240228;103428;197.54;20;9708271288;S
20240228;103430;197.62;10;9708271464;B
20240228;103430;197.62;20;9708271465;B
20240228;103439;197.62;30;9708272473;B
20240228;103439;197.64;20;9708272474;B
20240228;103442;197.64;10;9708272692;B
20240228;103443;197.64;1000;9708272766;B
20240228;103504;197.58;20;9708275280;S
20240228;103529;197.58;10;9708277608;S
20240228;103532;197.6;10;9708277848;B
20240228;103541;197.58;10;9708278755;S
20240228;103543;197.6;130;9708278953;B
20240228;103543;197.58;10;9708279025;S
20240228;103543;197.58;10;9708279026;S
20240228;103546;197.56;10;9708279274;S
20240228;103549;197.56;10;9708279556;S
20240228;103555;197.54;60;9708280103;B
20240228;103555;197.54;50;9708280104;B
20240228;103555;197.56;140;9708280105;B
20240228;103618;197.58;20;9708282933;B
20240228;103620;197.58;50;9708283164;B
20240228;103620;197.56;20;9708283278;S
20240228;103620;197.56;60;9708283279;S
20240228;103625;197.52;50;9708284068;S
20240228;103625;197.52;200;9708284069;S
20240228;103625;197.52;250;9708284070;S
20240228;103648;197.56;10;9708286830;B
20240228;103648;197.52;180;9708286874;S
20240228;103651;197.52;250;9708287254;S
20240228;103709;197.58;290;9708289733;B
20240228;103709;197.6;500;9708289734;B
20240228;103709;197.6;280;9708289735;B
20240228;103709;197.6;50;9708289736;B
20240228;103709;197.62;510;9708289737;B
20240228;103711;197.62;10;9708290001;S
20240228;103719;197.56;500;9708290812;S
20240228;103724;197.62;500;9708291471;B
20240228;103739;197.64;10;9708293426;B
20240228;103749;197.64;160;9708294599;B
20240228;103749;197.64;500;9708294600;B
20240228;103749;197.66;240;9708294601;B
20240228;103749;197.66;760;9708294673;B
20240228;103749;197.68;510;9708294674;B
20240228;103749;197.68;50;9708294675;B
20240228;103750;197.7;10;9708294820;B
20240228;103752;197.68;250;9708295048;S
20240228;103758;197.7;10;9708295641;B
20240228;103811;197.7;70;9708297004;B
20240228;103811;197.7;2450;9708297005;B
20240228;103815;197.7;550;9708297359;B
20240228;103815;197.7;310;9708297360;B
20240228;103815;197.7;30;9708297361;B
20240228;103821;197.7;40;9708298356;B
20240228;103824;197.7;30;9708298792;B
20240228;103829;197.7;10;9708299677;B
20240228;103830;197.7;50;9708299696;B
20240228;103830;197.72;120;9708299697;B
20240228;103846;197.7;220;9708301975;B
20240228;103846;197.7;60;9708301976;B
20240228;103846;197.7;220;9708301977;B
20240228;103852;197.68;10;9708302913;S
20240228;103855;197.72;2000;9708303331;B
20240228;103859;197.72;800;9708303704;B
20240228;103902;197.72;330;9708304404;B
20240228;103903;197.72;80;9708304558;B
20240228;103903;197.72;20;9708304560;B
20240228;103905;197.72;30;9708304738;B
20240228;103905;197.72;1620;9708304780;B
20240228;103905;197.72;50;9708304781;B
20240228;103905;197.76;360;9708304782;B
20240228;103905;197.8;100;9708304816;B
20240228;103905;197.84;10;9708304818;B
20240228;103914;197.82;30;9708305840;B
20240228;103914;197.84;10;9708305841;B
20240228;103914;197.86;100;9708305842;B
20240228;103920;197.88;40;9708306480;B
20240228;103924;197.86;20;9708306914;B
20240228;103924;197.88;50;9708306915;B
20240228;103926;197.88;40;9708307093;B
20240228;103926;197.9;160;9708307094;B
20240228;103927;197.92;130;9708307165;B
20240228;103927;197.94;70;9708307166;B
20240228;103934;197.94;20;9708307963;B
20240228;103938;197.84;260;9708308324;B
20240228;103938;197.88;140;9708308325;B
20240228;103943;197.8;140;9708309264;B
20240228;103946;197.84;20;9708309579;S
20240228;103953;197.84;80;9708310230;S
20240228;103953;197.84;10;9708310231;S
20240228;104002;197.8;10;9708311282;B
20240228;104004;197.8;10;9708311607;B
20240228;104005;197.8;10;9708311663;B
20240228;104005;197.78;40;9708311706;S
20240228;104026;197.8;10;9708314538;B
20240228;104043;197.8;100;9708317010;B
20240228;104054;197.78;50;9708319848;S
20240228;104057;197.8;60;9708320314;B
20240228;104057;197.8;10;9708320315;B
20240228;104057;197.8;930;9708320316;B
20240228;104100;197.8;120;9708321363;B
20240228;104100;197.8;60;9708321364;B
20240228;104100;197.82;10;9708321365;B
20240228;104100;197.82;330;9708321366;B
20240228;104125;197.82;480;9708327636;S
20240228;104126;197.78;20;9708327842;S
20240228;104126;197.78;2700;9708327843;S
20240228;104127;197.72;360;9708327863;S
20240228;104128;197.68;220;9708328064;S
20240228;104128;197.7;60;9708328142;B
20240228;104128;197.72;320;9708328143;B
20240228;104128;197.72;60;9708328144;B
20240228;104128;197.72;60;9708328145;S
20240228;104129;197.74;10;9708328229;B
20240228;104132;197.74;90;9708329109;B
20240228;104136;197.74;20;9708329943;B
20240228;104137;197.76;40;9708330388;B
20240228;104137;197.78;1530;9708330409;B
20240228;104137;197.78;510;9708330410;B
20240228;104137;197.78;60;9708330411;B
20240228;104137;197.8;500;9708330412;B
20240228;104137;197.8;320;9708330413;B
20240228;104137;197.82;500;9708330414;B
20240228;104137;197.84;110;9708330415;B
20240228;104137;197.84;60;9708330416;B
20240228;104137;197.88;10;9708330417;B
20240228;104145;197.8;10;9708331492;B
20240228;104157;197.74;180;9708333394;S
20240228;104157;197.7;170;9708333395;S
20240228;104157;197.7;650;9708333396;B
20240228;104159;197.66;140;9708334184;B
20240228;104214;197.66;10;9708337782;S
20240228;104230;197.76;310;9708340039;B
20240228;104230;197.76;170;9708340040;B
20240228;104230;197.78;310;9708340041;B
20240228;104230;197.78;60;9708340042;B
20240228;104230;197.8;120;9708340043;B
20240228;104230;197.8;30;9708340044;B
20240228;104243;197.8;10;9708341544;B
20240228;104248;197.74;10;9708342127;S
20240228;104300;197.8;10;9708344039;B
20240228;104305;197.8;1250;9708344852;B
20240228;104309;197.8;410;9708345445;B
20240228;104316;197.76;10;9708346467;B
20240228;104316;197.78;10;9708346470;B
20240228;104316;197.78;20;9708346471;B
20240228;104316;197.76;220;9708346488;B
20240228;104316;197.76;10;9708346489;B
20240228;104317;197.74;1530;9708346561;S
20240228;104317;197.74;1000;9708346562;S
20240228;104317;197.76;20;9708346563;B
20240228;104318;197.76;80;9708346630;B
20240228;104322;197.74;220;9708347134;B
20240228;104323;197.74;80;9708347361;B
20240228;104324;197.74;120;9708347441;S
20240228;104324;197.72;10;9708347442;S
20240228;104324;197.72;180;9708347443;S
20240228;104324;197.72;630;9708347444;S
20240228;104324;197.7;1260;9708347445;S
20240228;104324;197.7;330;9708347446;S
20240228;104326;197.66;90;9708347653;S
20240228;104332;197.78;20;9708348781;B
20240228;104337;197.68;300;9708350464;S
20240228;104341;197.74;40;9708351087;B
20240228;104341;197.74;120;9708351088;B
20240228;104341;197.7;510;9708351106;S
20240228;104341;197.7;500;9708351107;S
20240228;104341;197.68;1260;9708351108;S
20240228;104341;197.68;150;9708351109;S
20240228;104342;197.62;40;9708351270;S
20240228;104342;197.62;70;9708351271;S
20240228;104345;197.62;20;9708351486;S
20240228;104345;197.6;10;9708351487;S
20240228;104345;197.6;1260;9708351488;S
20240228;104345;197.6;500;9708351489;S
20240228;104345;197.6;180;9708351490;S
20240228;104345;197.52;30;9708351491;S
20240228;104355;197.6;30;9708352775;S
20240228;104405;197.64;80;9708354051;S
20240228;104405;197.62;220;9708354052;S
20240228;104405;197.62;300;9708354158;S
20240228;104405;197.62;2380;9708354235;S
20240228;104405;197.54;80;9708354245;S
20240228;104410;197.52;80;9708355079;S
20240228;104413;197.52;480;9708355375;B
20240228;104413;197.54;390;9708355376;B
20240228;104413;197.54;130;9708355377;S
20240228;104420;197.54;200;9708356415;B
20240228;104431;197.5;20;9708357560;S
20240228;104431;197.5;10;9708357561;S
20240228;104431;197.5;10;9708357562;S
20240228;104431;197.5;100;9708357563;S
20240228;104431;197.5;10;9708357564;S
20240228;104431;197.5;50;9708357565;S
20240228;104431;197.5;20;9708357566;S
20240228;104431;197.5;300;9708357567;S
20240228;104431;197.5;150;9708357568;S
20240228;104431;197.46;790;9708357569;S
20240228;104432;197.48;30;9708357815;B
20240228;104433;197.48;300;9708357836;B
20240228;104456;197.5;10;9708361006;B
20240228;104502;197.5;170;9708361674;B
20240228;104503;197.56;210;9708361860;B
20240228;104503;197.56;40;9708361861;B
20240228;104507;197.56;250;9708362575;B
20240228;104507;197.56;210;9708362576;B
20240228;104507;197.56;30;9708362577;B
20240228;104509;197.64;20;9708362917;B
20240228;104509;197.66;80;9708362918;B
20240228;104516;197.72;20;9708363947;B
20240228;104516;197.74;10;9708363948;B
20240228;104521;197.74;180;9708364533;B
20240228;104533;197.74;10;9708365836;B
20240228;104542;197.72;10;9708366835;B
20240228;104542;197.74;90;9708366836;B
20240228;104542;197.74;50;9708366837;B
20240228;104542;197.76;140;9708366838;B
20240228;104547;197.72;20;9708367331;B
20240228;104552;197.6;250;9708367785;B
20240228;104555;197.6;50;9708368044;B
20240228;104557;197.6;10;9708368258;B
20240228;104607;197.72;10;9708369623;B
20240228;104610;197.7;200;9708369920;S
20240228;104610;197.7;80;9708369921;S
20240228;104615;197.66;90;9708370574;S
20240228;104615;197.66;320;9708370583;B
20240228;104615;197.68;220;9708370587;B
20240228;104615;197.64;10;9708370714;S
20240228;104626;197.68;20;9708372156;B
20240228;104630;197.6;20;9708372661;S
20240228;104630;197.6;60;9708372662;S
20240228;104650;197.6;120;9708375264;B
20240228;104650;197.6;80;9708375265;B
20240228;104718;197.6;10;9708378804;B
20240228;104723;197.58;30;9708379823;S
20240228;104724;197.6;70;9708380024;B
20240228;104725;197.6;120;9708380178;B
20240228;104726;197.58;130;9708380264;S
20240228;104726;197.58;900;9708380351;S
20240228;104729;197.6;10;9708380767;B
20240228;104732;197.54;100;9708381238;S
20240228;104732;197.54;200;9708381239;S
20240228;104738;197.58;70;9708381956;B
20240228;104738;197.6;100;9708381957;B
20240228;104738;197.6;70;9708381958;B
20240228;104738;197.64;260;9708381959;B
20240228;104751;197.56;60;9708383541;S
20240228;104803;197.56;60;9708385248;S
20240228;104803;197.54;370;9708385249;S
20240228;104810;197.56;30;9708386740;B
20240228;104821;197.56;60;9708388698;B
20240228;104822;197.56;40;9708388845;B
20240228;104824;197.56;40;9708389100;B
20240228;104831;197.52;250;9708389899;S
20240228;104838;197.54;70;9708390955;S
20240228;104838;197.52;10;9708390956;S
20240228;104839;197.52;30;9708391069;S
20240228;104840;197.56;200;9708391185;B
20240228;104843;197.56;100;9708391469;B
20240228;104851;197.54;20;9708392459;S
20240228;104851;197.56;10;9708392462;B
20240228;104851;197.56;10;9708392474;B
20240228;104852;197.54;110;9708392531;S
20240228;104854;197.54;10;9708392825;B
20240228;104858;197.54;20;9708393133;B
20240228;104902;197.54;30;9708393517;B
20240228;104910;197.54;20;9708394469;B
20240228;104922;197.54;720;9708395716;B
20240228;104922;197.56;230;9708395717;B
20240228;104922;197.58;50;9708395718;B
20240228;104924;197.54;510;9708395871;S
20240228;104924;197.52;90;9708395872;S
20240228;104931;197.52;30;9708396908;S
20240228;104939;197.58;100;9708397591;B
20240228;104940;197.58;10;9708397686;B
20240228;104940;197.58;100;9708397691;B
20240228;104942;197.56;10;9708397863;S
20240228;104950;197.58;300;9708398847;B
20240228;104955;197.56;40;9708399616;S
20240228;104955;197.54;510;9708399617;S
20240228;104955;197.52;430;9708399618;S
20240228;104955;197.5;20;9708399619;S
20240228;104955;197.5;30;9708399620;S
20240228;104955;197.5;1250;9708399621;S
20240228;104955;197.5;60;9708399622;S
20240228;104955;197.5;20;9708399623;S
20240228;104955;197.5;1260;9708399624;S
20240228;104955;197.5;80;9708399625;S
20240228;104955;197.48;70;9708399626;S
20240228;104955;197.48;500;9708399627;S
20240228;104955;197.44;20;9708399628;S
20240228;104955;197.42;10;9708399629;S
20240228;104955;197.42;20;9708399630;S
20240228;104955;197.42;500;9708399631;S
20240228;104955;197.4;10;9708399632;S
20240228;104955;197.4;10;9708399633;S
20240228;104955;197.4;240;9708399634;S
20240228;104955;197.4;20;9708399635;S
20240228;104955;197.46;500;9708399636;B
20240228;104956;197.44;210;9708399674;S
20240228;104956;197.5;120;9708399751;S
20240228;104956;197.44;300;9708399752;S
20240228;104956;197.44;40;9708399753;S
20240228;104956;197.44;50;9708399754;S
20240228;105008;197.52;40;9708401321;S
20240228;105010;197.56;220;9708401621;B
20240228;105010;197.54;10;9708401668;S
20240228;105045;197.5;90;9708406093;S
20240228;105045;197.5;10;9708406094;S
20240228;105049;197.5;30;9708406572;S
20240228;105058;197.56;30;9708407607;B
20240228;105058;197.5;30;9708407685;S
20240228;105059;197.5;80;9708407832;S
20240228;105059;197.5;350;9708407867;S
20240228;105102;197.44;100;9708408340;B
20240228;105104;197.42;20;9708408510;S
20240228;105104;197.42;260;9708408511;S
20240228;105104;197.4;40;9708408512;S
20240228;105104;197.4;60;9708408513;S
20240228;105104;197.4;20;9708408514;S
20240228;105104;197.4;20;9708408515;S
20240228;105104;197.38;510;9708408516;S
20240228;105104;197.38;570;9708408517;S
20240228;105105;197.4;10;9708408659;B
20240228;105108;197.4;20;9708409044;B
20240228;105109;197.4;90;9708409166;B
20240228;105117;197.44;50;9708410050;B
20240228;105117;197.42;10;9708410053;S
20240228;105118;197.42;120;9708410168;B
20240228;105118;197.46;100;9708410169;B
20240228;105128;197.48;20;9708411302;B
20240228;105131;197.4;20;9708411774;S
20240228;105131;197.38;10;9708411775;S
20240228;105148;197.48;30;9708414220;B
20240228;105149;197.46;90;9708414442;B
20240228;105149;197.44;50;9708414443;S
20240228;105205;197.42;10;9708417780;B
20240228;105216;197.4;10;9708419029;B
20240228;105218;197.4;5000;9708419193;B
20240228;105239;197.4;50;9708421242;B
20240228;105243;197.4;310;9708421720;B
20240228;105244;197.38;20;9708421922;S
20240228;105244;197.36;90;9708421923;S
20240228;105244;197.34;40;9708421924;S
20240228;105244;197.34;10;9708421925;S
20240228;105244;197.34;10;9708421926;S
20240228;105244;197.34;30;9708421927;S
20240228;105245;197.36;60;9708421958;B
20240228;105245;197.34;40;9708421968;B
20240228;105245;197.32;340;9708422002;S
20240228;105246;197.4;20;9708422161;B
20240228;105247;197.34;50;9708422303;S
20240228;105256;197.34;10;9708423744;S
20240228;105258;197.34;30;9708423913;B
20240228;105259;197.34;40;9708424034;B
20240228;105300;197.34;60;9708424186;B
20240228;105300;197.32;10;9708424235;S
20240228;105300;197.34;300;9708424239;B
20240228;105300;197.36;150;9708424245;B
20240228;105318;197.36;10;9708426465;S
20240228;105327;197.38;30;9708427524;S
20240228;105327;197.38;20;9708427525;S
20240228;105338;197.36;50;9708428707;S
20240228;105338;197.34;60;9708428728;S
20240228;105352;197.36;70;9708430265;S
20240228;105352;197.34;240;9708430266;S
20240228;105352;197.32;700;9708430267;S
20240228;105415;197.36;10;9708433256;S
20240228;105421;197.42;50;9708434160;B
20240228;105428;197.36;70;9708434751;S
20240228;105428;197.34;10;9708434752;S
20240228;105445;197.34;80;9708437593;S
20240228;105445;197.32;510;9708437594;S
20240228;105445;197.32;20;9708437595;B
20240228;105449;197.32;80;9708438041;B
20240228;105450;197.32;10;9708438156;B
20240228;105505;197.3;10;9708439577;S
20240228;105511;197.32;210;9708440206;B
20240228;105512;197.32;1000;9708440364;B
20240228;105513;197.32;50;9708440406;B
20240228;105513;197.32;40;9708440413;B
20240228;105513;197.32;40;9708440414;B
20240228;105519;197.32;60;9708440896;B
20240228;105519;197.32;160;9708440948;B
20240228;105520;197.3;50;9708440970;S
20240228;105524;197.3;10;9708441524;S
20240228;105524;197.3;50;9708441525;S
20240228;105524;197.3;10;9708441526;S
20240228;105524;197.3;30;9708441527;S
20240228;105524;197.3;30;9708441528;S
20240228;105524;197.3;160;9708441529;S
20240228;105525;197.32;60;9708441693;S
20240228;105525;197.3;140;9708441694;S
20240228;105525;197.3;30;9708441695;S
20240228;105525;197.3;80;9708441696;S
20240228;105525;197.3;710;9708441697;S
20240228;105529;197.34;100;9708442127;B
20240228;105530;197.34;40;9708442383;B
20240228;105532;197.36;60;9708442654;S
20240228;105536;197.38;680;9708443101;B
20240228;105536;197.42;390;9708443102;B
20240228;105536;197.42;70;9708443103;B
20240228;105536;197.44;60;9708443104;B
20240228;105610;197.36;60;9708446525;S
20240228;105611;197.36;20;9708446578;B
20240228;105634;197.36;20;9708449328;S
20240228;105634;197.36;20;9708449329;S
20240228;105637;197.32;80;9708449506;S
20240228;105637;197.32;90;9708449507;S
20240228;105637;197.32;510;9708449508;S
20240228;105637;197.32;60;9708449509;S
20240228;105637;197.3;40;9708449510;S
20240228;105637;197.3;50;9708449511;S
20240228;105637;197.3;100;9708449512;S
20240228;105637;197.3;500;9708449513;S
20240228;105637;197.28;10;9708449514;S
20240228;105637;197.28;20;9708449515;S
20240228;105637;197.28;200;9708449516;S
20240228;105637;197.26;30;9708449517;S
20240228;105637;197.26;20;9708449518;S
20240228;105637;197.26;290;9708449519;S
20240228;105640;197.36;20;9708449771;B
20240228;105641;197.28;130;9708449927;S
20240228;105641;197.28;510;9708449928;S
20240228;105641;197.28;520;9708449929;S
20240228;105650;197.28;60;9708450870;S
20240228;105650;197.28;510;9708450871;S
20240228;105650;197.28;430;9708450872;S
20240228;105652;197.28;100;9708451152;S
20240228;105727;197.4;10;9708455307;B
20240228;105727;197.4;10;9708455316;B
20240228;105727;197.4;10;9708455331;B
20240228;105727;197.4;10;9708455342;B
20240228;105727;197.4;10;9708455352;B
20240228;105727;197.4;10;9708455432;B
20240228;105741;197.4;90;9708456848;B
20240228;105741;197.42;10;9708456849;B
20240228;105751;197.4;10;9708457989;B
20240228;105753;197.34;60;9708458219;S
20240228;105758;197.4;10;9708459103;B
20240228;105758;197.4;290;9708459104;B
20240228;105811;197.4;10;9708461734;B
20240228;105811;197.4;10;9708461761;B
20240228;105811;197.4;10;9708461793;B
20240228;105811;197.4;10;9708461833;B
20240228;105811;197.4;10;9708461884;B
20240228;105819;197.42;40;9708463238;B
20240228;105819;197.42;1210;9708463239;B
20240228;105819;197.42;390;9708463240;S
20240228;105823;197.44;200;9708463800;B
20240228;105824;197.36;50;9708463977;S
20240228;105824;197.36;110;9708463978;S
20240228;105824;197.36;150;9708463979;S
20240228;105824;197.34;110;9708463980;S
20240228;105824;197.34;10;9708463981;S
20240228;105824;197.34;570;9708463982;S
20240228;105845;197.36;10;9708466690;B
20240228;105850;197.36;10;9708467242;B
20240228;105850;197.38;30;9708467243;B
20240228;105903;197.38;30;9708468486;B
20240228;105920;197.38;10;9708470768;B
20240228;105929;197.38;340;9708472902;B
20240228;105929;197.38;200;9708472903;B
20240228;105929;197.38;500;9708472904;B
20240228;105929;197.4;60;9708472905;B
20240228;105929;197.42;110;9708472906;B
20240228;105929;197.42;150;9708472907;B
20240228;105936;197.34;20;9708474852;S
20240228;105946;197.4;30;9708477268;B
20240228;105950;197.32;260;9708478167;S
20240228;105950;197.32;3050;9708478248;S
20240228;105950;197.32;1500;9708478249;S
20240228;105950;197.32;710;9708478250;S
20240228;105959;197.3;20;9708480231;S
20240228;110002;197.3;100;9708480867;B
20240228;110002;197.28;10;9708481022;S
20240228;110015;197.3;10;9708483839;B
20240228;110015;197.3;10;9708483896;B
20240228;110016;197.3;20;9708484049;B
20240228;110024;197.34;10;9708485663;B
20240228;110024;197.38;10;9708485664;B
20240228;110028;197.42;150;9708486661;B
20240228;110041;197.38;30;9708489239;B
20240228;110041;197.38;10;9708489284;B
20240228;110042;197.38;50;9708489456;B
20240228;110048;197.38;350;9708490581;B
20240228;110053;197.4;100;9708491505;B
20240228;110054;197.32;680;9708491800;S
20240228;110054;197.32;150;9708491801;S
20240228;110054;197.32;40;9708491802;S
20240228;110054;197.38;120;9708491848;B
20240228;110101;197.4;100;9708493028;B
20240228;110113;197.4;200;9708495210;B
20240228;110124;197.4;950;9708496977;B
20240228;110125;197.36;690;9708497117;S
20240228;110156;197.42;10;9708502734;B
20240228;110157;197.42;50;9708502928;B
20240228;110202;197.36;10;9708503761;S
20240228;110218;197.42;10;9708506478;B
20240228;110221;197.42;1000;9708506984;B
20240228;110223;197.42;2410;9708507402;B
20240228;110223;197.42;120;9708507403;B
20240228;110226;197.44;50;9708507906;B
20240228;110232;197.42;30;9708508986;S
20240228;110232;197.42;20;9708508987;B
20240228;110233;197.42;20;9708509021;S
20240228;110234;197.44;10;9708509237;B
20240228;110236;197.44;180;9708509922;B
20240228;110236;197.44;220;9708509923;B
20240228;110236;197.46;30;9708509924;B
20240228;110238;197.46;70;9708510213;S
20240228;110238;197.48;300;9708510334;B
20240228;110245;197.48;20;9708511449;B
20240228;110253;197.48;50;9708512809;B
20240228;110255;197.46;10;9708513817;S
20240228;110255;197.48;10;9708513888;B
20240228;110307;197.48;120;9708516321;B
20240228;110307;197.5;60;9708516322;B
20240228;110312;197.54;50;9708517219;B
20240228;110319;197.58;50;9708518631;B
20240228;110319;197.6;100;9708518632;B
20240228;110319;197.6;60;9708518633;B
20240228;110319;197.62;100;9708518634;B
20240228;110324;197.62;300;9708519771;B
20240228;110324;197.64;10;9708519772;B
20240228;110324;197.64;60;9708519773;B
20240228;110324;197.66;380;9708519774;B
20240228;110324;197.66;940;9708519775;B
20240228;110342;197.7;10;9708523345;B
20240228;110354;197.72;10;9708525143;B
20240228;110400;197.68;530;9708526350;S
20240228;110401;197.66;650;9708526632;S
20240228;110402;197.66;180;9708526797;S
20240228;110402;197.66;1790;9708526798;S
20240228;110402;197.66;3210;9708526803;S
20240228;110405;197.56;40;9708527478;S
20240228;110425;197.5;20;9708531066;S
20240228;110425;197.58;10;9708531114;B
20240228;110426;197.58;30;9708531291;B
20240228;110426;197.58;530;9708531292;B
20240228;110426;197.6;380;9708531293;B
20240228;110426;197.6;70;9708531294;B
20240228;110426;197.62;490;9708531295;B
20240228;110437;197.68;10;9708533297;B
20240228;110455;197.66;40;9708536856;B
20240228;110504;197.66;10;9708538254;B
20240228;110515;197.66;10;9708539831;B
20240228;110521;197.58;40;9708541065;S
20240228;110529;197.66;10;9708542663;B
20240228;110530;197.58;500;9708542804;S
20240228;110531;197.66;10;9708542809;B
20240228;110536;197.64;10;9708544054;B
20240228;110536;197.66;480;9708544055;B
20240228;110542;197.68;20;9708545018;B
20240228;110543;197.7;110;9708545352;B
20240228;110543;197.7;60;9708545362;B
20240228;110543;197.72;50;9708545369;B
20240228;110543;197.72;30;9708545377;B
20240228;110543;197.72;90;9708545388;B
20240228;110543;197.72;20;9708545397;B
20240228;110543;197.72;20;9708545409;B
20240228;110543;197.72;30;9708545416;B
20240228;110548;197.72;80;9708546063;B
20240228;110555;197.7;10;9708547043;B
20240228;110602;197.68;10;9708547987;B
20240228;110607;197.7;380;9708548771;B
20240228;110607;197.72;420;9708548772;B
20240228;110611;197.7;100;9708549411;B
20240228;110612;197.7;10;9708549459;B
20240228;110620;197.6;80;9708550937;S
20240228;110620;197.6;40;9708550938;S
20240228;110631;197.66;80;9708552304;B
20240228;110631;197.66;380;9708552305;B
20240228;110631;197.68;40;9708552306;B
20240228;110645;197.7;10;9708554307;B
20240228;110656;197.7;10;9708555987;B
20240228;110657;197.7;10;9708556075;S
20240228;110725;197.62;80;9708559445;S
20240228;110725;197.6;10;9708559446;S
20240228;110725;197.6;10;9708559447;S
20240228;110737;197.62;50;9708561261;S
20240228;110737;197.62;50;9708561262;S
20240228;110738;197.6;100;9708561487;S
20240228;110755;197.6;500;9708564033;S
20240228;110757;197.68;80;9708564332;B
20240228;110757;197.68;50;9708564333;B
20240228;110757;197.7;670;9708564334;B
20240228;110757;197.62;10;9708564353;S
20240228;110803;197.68;10;9708565789;B
20240228;110810;197.62;20;9708566627;S
20240228;110818;197.62;20;9708568508;S
20240228;110821;197.6;10;9708569207;S
20240228;110823;197.68;10;9708569766;B
20240228;110828;197.6;10;9708571122;S
20240228;110838;197.68;10;9708573644;B
20240228;110858;197.66;60;9708579904;B
20240228;110858;197.68;30;9708579905;B
20240228;110858;197.68;10;9708579906;B
20240228;110910;197.6;10;9708583366;S
20240228;110910;197.6;10;9708583367;S
20240228;110910;197.6;80;9708583368;S
20240228;110910;197.58;960;9708583369;S
20240228;110910;197.58;10;9708583370;S
20240228;110910;197.52;10;9708583399;S
20240228;110910;197.5;30;9708583400;S
20240228;110915;197.54;10;9708585129;B
20240228;110926;197.5;10;9708588152;S
20240228;110936;197.5;10;9708590333;S
20240228;110941;197.52;10;9708591374;S
20240228;111004;197.58;10;9708597535;B
20240228;111006;197.58;30;9708597975;B
20240228;111007;197.58;30;9708598330;B
20240228;111010;197.52;130;9708599162;S
20240228;111010;197.52;20;9708599163;S
20240228;111020;197.58;10;9708601594;B
20240228;111024;197.52;80;9708602224;S
20240228;111024;197.52;20;9708602225;S
20240228;111024;197.52;60;9708602226;S
20240228;111024;197.5;160;9708602227;S
20240228;111038;197.58;50;9708604878;B
20240228;111042;197.58;30;9708605386;B
20240228;111114;197.58;10;9708611010;B
20240228;111117;197.5;90;9708611422;S
20240228;111117;197.5;10;9708611423;S
20240228;111117;197.5;100;9708611424;S
20240228;111117;197.5;10;9708611425;S
20240228;111132;197.5;20;9708613942;S
20240228;111143;197.58;100;9708615449;B
20240228;111147;197.5;10;9708616041;S
20240228;111158;197.5;30;9708618917;S
20240228;111204;197.58;10;9708620238;B
20240228;111220;197.58;10;9708622850;B
20240228;111256;197.58;50;9708628614;B
20240228;111259;197.5;300;9708629349;S
20240228;111259;197.5;50;9708629363;S
20240228;111301;197.56;160;9708629687;B
20240228;111305;197.5;30;9708630337;S
20240228;111305;197.5;30;9708630338;S
20240228;111305;197.5;10;9708630339;S
20240228;111310;197.5;250;9708630858;S
20240228;111310;197.5;520;9708630859;S
20240228;111310;197.5;220;9708630860;S
20240228;111310;197.5;10;9708630861;S
20240228;111310;197.5;2000;9708630862;S
20240228;111310;197.5;150;9708630863;S
20240228;111310;197.5;10;9708630864;S
20240228;111311;197.42;10;9708631076;S
20240228;111311;197.4;30;9708631099;S
20240228;111311;197.4;10;9708631100;S
20240228;111311;197.4;10;9708631101;S
20240228;111311;197.4;650;9708631102;S
20240228;111311;197.36;10;9708631103;S
20240228;111311;197.36;60;9708631104;S
20240228;111311;197.42;80;9708631115;B
20240228;111311;197.44;20;9708631116;B
20240228;111312;197.36;20;9708631168;S
20240228;111316;197.36;810;9708631807;S
20240228;111316;197.36;110;9708631808;S
20240228;111326;197.38;60;9708634217;B
20240228;111334;197.34;30;9708635344;S
20240228;111338;197.34;70;9708635977;B
20240228;111349;197.32;80;9708637223;S
20240228;111354;197.32;20;9708638049;S
20240228;111354;197.32;1000;9708638050;S
20240228;111355;197.3;10;9708638189;S
20240228;111355;197.3;30;9708638190;S
20240228;111355;197.3;10;9708638191;S
20240228;111355;197.28;20;9708638192;S
20240228;111356;197.28;50;9708638365;S
20240228;111359;197.28;70;9708638748;S
20240228;111359;197.28;10;9708638749;S
20240228;111359;197.28;1530;9708638750;S
20240228;111359;197.26;10;9708638751;S
20240228;111359;197.26;20;9708638752;S
20240228;111400;197.28;70;9708638948;B
20240228;111400;197.28;30;9708638949;B
20240228;111400;197.26;20;9708638950;S
20240228;111400;197.28;200;9708638958;B
20240228;111407;197.24;20;9708640180;S
20240228;111408;197.22;10;9708640328;S
20240228;111416;197.24;20;9708641864;B
20240228;111417;197.22;1000;9708641942;S
20240228;111417;197.2;10;9708641943;S
20240228;111417;197.2;500;9708641944;S
20240228;111417;197.2;10;9708641945;S
20240228;111417;197.2;10;9708641946;S
20240228;111417;197.2;10;9708641947;S
20240228;111417;197.18;100;9708641948;S
20240228;111417;197.18;370;9708641949;S
20240228;111418;197.2;120;9708642068;B
20240228;111419;197.18;30;9708642226;S
20240228;111423;197.2;100;9708642952;B
20240228;111438;197.2;10;9708645106;B
20240228;111440;197.18;10;9708645325;S
20240228;111440;197.16;10;9708645326;S
20240228;111440;197.16;20;9708645327;S
20240228;111440;197.16;20;9708645328;S
20240228;111440;197.16;10;9708645415;B
20240228;111444;197.14;10;9708646001;S
20240228;111446;197.16;10;9708646344;B
20240228;111452;197.12;10;9708647105;S
20240228;111452;197.12;20;9708647106;S
20240228;111452;197.1;70;9708647107;S
20240228;111453;197.12;200;9708647127;B
20240228;111458;197.1;30;9708647668;S
20240228;111458;197.1;20;9708647669;S
20240228;111458;197.1;50;9708647670;S
20240228;111458;197.1;20;9708647671;S
20240228;111458;197.1;430;9708647786;S
20240228;111458;197.1;10;9708647787;S
20240228;111458;197.1;70;9708647788;S
20240228;111458;197.08;490;9708647789;S
20240228;111458;197.08;140;9708647901;S
20240228;111458;197.08;10;9708647902;S
20240228;111458;197.08;30;9708647903;S
20240228;111458;197.08;1260;9708647904;S
20240228;111458;197.08;220;9708647905;S
20240228;111458;197.06;70;9708647906;S
20240228;111458;197.04;10;9708647907;S
20240228;111458;197.04;10;9708647908;S
20240228;111458;197.04;10;9708647909;S
20240228;111458;197.04;10;9708647910;S
20240228;111458;197.04;100;9708647911;S
20240228;111458;197.04;320;9708647912;S
20240228;111458;197.04;120;9708647913;S
20240228;111458;197.02;10;9708647914;S
20240228;111458;197.02;2780;9708647915;S
20240228;111459;197.04;60;9708648148;S
20240228;111502;197.04;100;9708648658;S
20240228;111502;197.06;120;9708648730;B
20240228;111504;197.06;10;9708649001;S
20240228;111506;197.06;1000;9708649246;S
20240228;111508;197.1;400;9708649602;B
20240228;111512;197.1;400;9708650066;B
20240228;111514;197.1;5000;9708650394;B
20240228;111521;197.1;50;9708651248;S
20240228;111523;197.16;40;9708651398;B
20240228;111523;197.18;10;9708651399;B
20240228;111523;197.18;50;9708651400;B
20240228;111523;197.1;10;9708651466;S
20240228;111525;197.1;70;9708651813;S
20240228;111525;197.18;10;9708651870;B
20240228;111527;197.1;30;9708652015;S
20240228;111527;197.1;80;9708652016;S
20240228;111527;197.08;190;9708652017;S
20240228;111529;197.08;370;9708652249;B
20240228;111532;197.16;10;9708652668;B
20240228;111533;197.16;10;9708652749;B
20240228;111601;197.1;60;9708657240;B
20240228;111608;197.08;70;9708657944;S
20240228;111608;197.08;930;9708657945;S
20240228;111610;197.06;10;9708658315;S
20240228;111634;197.16;150;9708662224;S
20240228;111649;197.24;50;9708665347;B
20240228;111712;197.14;600;9708671169;S
20240228;111726;197.26;50;9708674512;B
20240228;111730;197.16;90;9708675367;S
20240228;111730;197.16;70;9708675368;S
20240228;111730;197.14;1640;9708675369;S
20240228;111730;197.12;250;9708675370;S
20240228;111730;197.12;50;9708675371;S
20240228;111732;197.14;10;9708675616;B
20240228;111738;197.2;140;9708676843;B
20240228;111738;197.22;360;9708676844;B
20240228;111745;197.22;20;9708678772;B
20240228;111745;197.24;10;9708678773;B
20240228;111802;197.26;60;9708681862;S
20240228;111816;197.2;10;9708685957;S
20240228;111816;197.2;10;9708685958;S
20240228;111816;197.2;160;9708685959;S
20240228;111816;197.16;160;9708685960;S
20240228;111816;197.14;10;9708685961;S
20240228;111816;197.14;10;9708685962;S
20240228;111816;197.14;1530;9708685963;S
20240228;111816;197.12;1520;9708685964;S
20240228;111816;197.12;400;9708685965;S
20240228;111816;197.12;500;9708685966;S
20240228;111816;197.1;80;9708685967;S
20240228;111816;197.08;1260;9708685968;S
20240228;111816;197.06;190;9708685969;S
20240228;111816;197.06;50;9708685970;S
20240228;111816;197.06;110;9708685971;S
20240228;111825;197.08;510;9708688360;B
20240228;111830;197.12;30;9708690276;B
20240228;111830;197.12;90;9708690277;B
20240228;111831;197.12;30;9708690369;B
20240228;111832;197.18;10;9708690661;B
20240228;111837;197.14;210;9708692192;B
20240228;111837;197.14;1530;9708692193;B
20240228;111837;197.16;250;9708692194;B
20240228;111839;197.18;20;9708692771;B
20240228;111843;197.18;10;9708693603;B
20240228;111843;197.18;10;9708693775;B
20240228;111844;197.06;50;9708693863;S
20240228;111851;197.18;50;9708695744;B
20240228;111908;197.1;50;9708699449;S
20240228;111929;197.1;10;9708704501;S
20240228;111939;197.1;30;9708706137;S
20240228;111943;197.1;10;9708706834;B
20240228;111951;197.1;90;9708708568;S
20240228;112016;197.18;10;9708713067;B
20240228;112016;197.18;20;9708713083;B
20240228;112017;197.18;100;9708713185;B
20240228;112019;197.1;10;9708713569;S
20240228;112020;197.12;10;9708713936;S
20240228;112026;197.12;10;9708714964;S
20240228;112034;197.12;10;9708716457;B
20240228;112046;197.16;10;9708718544;B
20240228;112046;197.18;10;9708718546;B
20240228;112046;197.18;10;9708718556;B
20240228;112046;197.18;10;9708718562;B
20240228;112048;197.2;10;9708718757;B
20240228;112049;197.14;120;9708718807;S
20240228;112049;197.12;230;9708718808;S
20240228;112053;197.2;10;9708719455;B
20240228;112056;197.2;10;9708719853;B
20240228;112102;197.12;100;9708720804;S
20240228;112106;197.2;950;9708721604;B
20240228;112106;197.14;1530;9708721616;S
20240228;112106;197.12;670;9708721617;S
20240228;112106;197.12;80;9708721618;S
20240228;112106;197.12;10;9708721619;S
20240228;112106;197.12;500;9708721620;S
20240228;112106;197.12;1680;9708721621;S
20240228;112106;197.12;400;9708721622;S
20240228;112106;197.1;40;9708721623;S
20240228;112106;197.1;80;9708721624;S
20240228;112106;197.1;570;9708721625;S
20240228;112122;197.18;10;9708724258;B
20240228;112126;197.18;10;9708724959;B
20240228;112143;197.12;20;9708727954;S
20240228;112148;197.12;80;9708728473;S
20240228;112148;197.12;80;9708728474;S
20240228;112148;197.1;2360;9708728475;S
20240228;112149;197.18;20;9708728591;B
20240228;112151;197.1;130;9708728879;S
20240228;112159;197.1;20;9708730072;S
20240228;112204;197.1;10;9708730515;S
20240228;112213;197.1;300;9708731707;S
20240228;112214;197.18;10;9708731788;B
20240228;112217;197.1;120;9708732199;S
20240228;112223;197.18;110;9708732944;B
20240228;112223;197.18;80;9708732945;B
20240228;112223;197.18;10;9708732946;B
20240228;112251;197.1;10;9708736723;S
20240228;112306;197.2;350;9708738881;B
20240228;112328;197.18;150;9708741770;B
20240228;112341;197.1;50;9708743819;S
20240228;112405;197.18;250;9708748733;B
20240228;112426;197.1;50;9708752581;S
20240228;112427;197.18;10;9708752796;B
20240228;112431;197.18;40;9708753372;B
20240228;112440;197.18;10;9708754509;B
20240228;112445;197.18;50;9708755178;B
20240228;112445;197.18;220;9708755179;B
20240228;112446;197.18;700;9708755356;B
20240228;112452;197.1;40;9708756306;S
20240228;112454;197.1;40;9708756495;S
20240228;112517;197.2;10;9708760157;B
20240228;112522;197.2;150;9708760992;B
20240228;112523;197.14;60;9708761108;S
20240228;112523;197.14;40;9708761109;S
20240228;112530;197.2;400;9708762497;B
20240228;112537;197.2;10;9708763500;B
20240228;112537;197.14;10;9708763502;S
20240228;112537;197.12;250;9708763503;S
20240228;112537;197.12;80;9708763504;S
20240228;112537;197.12;160;9708763505;S
20240228;112538;197.2;10;9708763735;B
20240228;112547;197.2;30;9708765241;B
20240228;112555;197.2;30;9708766334;B
20240228;112604;197.2;30;9708767407;B
20240228;112613;197.2;10;9708768647;B
20240228;112619;197.2;10;9708769408;B
20240228;112643;197.2;10;9708781378;B
20240228;112647;197.2;50;9708784378;B
20240228;112652;197.14;60;9708787388;S
20240228;112652;197.14;40;9708787389;S
20240228;112700;197.18;10;9708793120;B
20240228;112701;197.18;10;9708793944;B
20240228;112703;197.14;10;9708794501;S
20240228;112711;197.16;10;9708800251;S
20240228;112713;197.18;200;9708801628;B
20240228;112715;197.18;370;9708802653;B
20240228;112715;197.2;630;9708802654;B
20240228;112736;197.2;10;9708816583;B
20240228;112741;197.2;1000;9708819855;B
20240228;112744;197.2;40;9708822329;B
20240228;112746;197.2;10;9708823445;B
20240228;112747;197.2;1230;9708824617;B
20240228;112747;197.2;80;9708824618;B
20240228;112747;197.2;60;9708824619;B
20240228;112747;197.22;90;9708824620;B
20240228;112747;197.26;420;9708824621;B
20240228;112747;197.28;500;9708824622;B
20240228;112747;197.3;20;9708824623;B
20240228;112754;197.32;500;9708829336;S
20240228;112800;197.32;30;9708834177;S
20240228;112805;197.34;50;9708837964;S
20240228;112809;197.4;10;9708841423;B
20240228;112809;197.4;10;9708841424;B
20240228;112809;197.4;10;9708841425;B
20240228;112849;197.4;10;9708872780;B
20240228;112914;197.38;50;9708892595;B
20240228;112914;197.4;10;9708892596;B
20240228;112914;197.4;40;9708892597;B
20240228;112925;197.32;170;9708901905;S
20240228;112930;197.32;30;9708905727;S
20240228;112930;197.32;50;9708905728;S
20240228;112932;197.4;50;9708906986;B
20240228;112940;197.4;70;9708913555;B
20240228;112955;197.34;10;9708926406;S
20240228;113000;197.34;10;9708930707;S
20240228;113001;197.34;30;9708930946;S
20240228;113006;197.38;100;9708935880;B
20240228;113006;197.4;900;9708935881;B
20240228;113007;197.32;170;9708935932;S
20240228;113009;197.42;50;9708938312;B
20240228;113016;197.44;40;9708943535;B
20240228;113016;197.36;80;9708944016;S
20240228;113035;197.4;10;9708957114;S
20240228;113035;197.36;90;9708957115;S
20240228;113035;197.36;800;9708957792;S
20240228;113035;197.34;2850;9708957793;S
20240228;113035;197.32;500;9708957794;S
20240228;113035;197.3;9600;9708957795;S
20240228;113035;197.3;20;9708957796;S
20240228;113035;197.3;10;9708957797;S
20240228;113035;197.3;10;9708957798;S
20240228;113035;197.3;80;9708957799;S
20240228;113035;197.2;10;9708957800;S
20240228;113046;197.2;10;9708964904;B
20240228;113053;197.2;900;9708969975;B
20240228;113059;197.2;200;9708974385;B
20240228;113102;197.2;10;9708975636;B
20240228;113126;197.2;900;9708991696;B
20240228;113127;197.2;1000;9708992956;B
20240228;113129;197.18;60;9708994014;S
20240228;113129;197.18;10;9708994255;S
20240228;113129;197.18;10;9708994256;S
20240228;113129;197.18;10;9708994257;S
20240228;113129;197.14;20;9708994258;S
20240228;113138;197.12;80;9709000516;S
20240228;113144;197.14;90;9709005029;S
20240228;113146;197.12;200;9709007246;S
20240228;113200;197.12;40;9709018226;S
20240228;113203;197.12;30;9709019565;S
20240228;113206;197.14;250;9709022483;B
20240228;113214;197.2;10;9709028982;B
20240228;113223;197.16;60;9709035509;S
20240228;113223;197.2;10;9709035861;B
20240228;113227;197.2;90;9709039170;B
20240228;113228;197.2;30;9709039782;B
20240228;113231;197.16;50;9709042387;S
20240228;113235;197.2;20;9709045799;B
20240228;113240;197.16;300;9709049910;S
20240228;113240;197.16;140;9709049976;S
20240228;113244;197.16;200;9709052537;S
20240228;113244;197.18;100;9709052928;B
20240228;113244;197.18;200;9709052929;B
20240228;113247;197.2;20;9709055634;B
20240228;113248;197.18;100;9709056121;S
20240228;113248;197.16;40;9709056122;S
20240228;113251;197.18;230;9709058232;B
20240228;113251;197.2;270;9709058233;B
20240228;113259;197.16;300;9709064533;S
20240228;113302;197.18;10;9709067293;B
20240228;113321;197.16;90;9709082752;S
20240228;113323;197.18;100;9709084165;B
20240228;113327;197.16;260;9709087877;S
20240228;113328;197.16;80;9709088075;S
20240228;113328;197.16;70;9709088077;S
20240228;113329;197.16;160;9709089148;S
20240228;113329;197.16;160;9709089149;S
20240228;113337;197.16;30;9709095460;S
20240228;113339;197.16;170;9709097174;S
20240228;113339;197.16;10;9709097208;S
20240228;113342;197.16;700;9709099584;S
20240228;113344;197.16;20;9709101215;S
20240228;113352;197.16;40;9709108151;S
20240228;113352;197.16;910;9709108152;S
20240228;113352;197.16;30;9709108153;S
20240228;113352;197.16;900;9709108154;S
20240228;113352;197.16;960;9709108155;S
20240228;113352;197.16;960;9709108156;S
20240228;113352;197.16;60;9709108157;S
20240228;113352;197.16;60;9709108161;S
20240228;113352;197.16;100;9709108162;S
20240228;113352;197.16;100;9709108163;S
20240228;113352;197.16;140;9709108164;S
20240228;113352;197.16;140;9709108165;S
20240228;113352;197.16;80;9709108166;S
20240228;113352;197.16;20;9709108167;S
20240228;113352;197.16;770;9709108168;S
20240228;113352;197.16;100;9709108169;S
20240228;113352;197.16;100;9709108173;S
20240228;113352;197.16;140;9709108177;S
20240228;113352;197.16;140;9709108178;S
20240228;113352;197.16;80;9709108179;S
20240228;113352;197.16;20;9709108183;S
20240228;113352;197.16;540;9709108184;S
20240228;113352;197.16;460;9709108186;S
20240228;113352;197.16;440;9709108190;S
20240228;113352;197.16;570;9709108191;S
20240228;113352;197.16;570;9709108192;S
20240228;113352;197.16;470;9709108196;S
20240228;113352;197.16;210;9709108197;S
20240228;113355;197.14;10;9709110386;B
20240228;113355;197.12;10;9709110516;S
20240228;113400;197.14;10;9709114847;B
20240228;113416;197.12;50;9709125537;S
20240228;113420;197.12;20;9709128041;S
20240228;113425;197.12;500;9709131992;S
20240228;113430;197.14;10;9709135873;B
20240228;113439;197.14;150;9709141957;B
20240228;113444;197.12;60;9709145136;S
20240228;113502;197.12;10;9709157378;S
20240228;113507;197.14;50;9709160826;B
20240228;113507;197.14;100;9709160827;B
20240228;113513;197.14;40;9709164945;B
20240228;113522;197.14;160;9709171980;B
20240228;113537;197.14;300;9709183665;B
20240228;113548;197.14;10;9709192899;B
20240228;113549;197.14;10;9709193359;B
20240228;113600;197.14;10;9709202414;B
20240228;113603;197.14;250;9709204207;B
20240228;113606;197.14;10;9709206704;B
20240228;113622;197.12;780;9709219388;S
20240228;113622;197.12;10;9709219389;S
20240228;113622;197.12;10;9709219390;S
20240228;113623;197.1;180;9709220378;S
20240228;113623;197.1;1120;9709220379;S
20240228;113623;197.1;10;9709220380;S
20240228;113623;197.1;200;9709220381;S
20240228;113623;197.1;10;9709220382;S
20240228;113623;197.1;20;9709220383;S
20240228;113623;197.1;10;9709220384;S
20240228;113623;197.1;50;9709220385;S
20240228;113624;197.1;150;9709220994;B
20240228;113638;197.08;10;9709232230;S
20240228;113638;197.08;10;9709232231;S
20240228;113638;197.08;10;9709232232;S
20240228;113638;197.06;110;9709232233;S
20240228;113638;197.06;120;9709232234;S
20240228;113638;197.06;10;9709232235;S
20240228;113638;197.06;160;9709232236;S
20240228;113638;197.06;10;9709232237;S
20240228;113638;197.06;10;9709232238;S
20240228;113638;197.06;20;9709232239;S
20240228;113638;197.06;100;9709232240;S
20240228;113638;197.04;430;9709232241;S
20240228;113707;197.1;10;9709254839;B
20240228;113710;197.04;50;9709257669;S
20240228;113717;197.04;50;9709262748;S
20240228;113725;197.1;10;9709269070;B
20240228;113725;197.1;150;9709269634;B
20240228;113726;197.04;10;9709270308;S
20240228;113745;197.1;100;9709283805;B
20240228;113749;197.12;10;9709286437;B
20240228;113754;197.12;50;9709290354;B
20240228;113802;197.1;50;9709295078;S
20240228;113805;197.1;10;9709296737;S
20240228;113811;197.1;40;9709301190;S
20240228;113811;197.06;20;9709301191;S
20240228;113818;197.04;1000;9709306331;S
20240228;113844;197.08;10;9709323777;B
20240228;113846;197.1;40;9709325561;B
20240228;113848;197.1;100;9709326439;B
20240228;113945;197.12;10;9709371185;B
20240228;113945;197.12;10;9709371186;B
20240228;113945;197.12;100;9709371187;B
20240228;113953;197.14;20;9709376892;B
20240228;113953;197.14;10;9709376893;B
20240228;113953;197.14;480;9709376894;B
20240228;113953;197.14;1260;9709376895;B
20240228;113953;197.14;100;9709376896;B
20240228;114013;197.2;20;9709392255;B
20240228;114014;197.2;1340;9709393260;B
20240228;114014;197.2;1260;9709393261;B
20240228;114014;197.22;130;9709393262;B
20240228;114014;197.22;480;9709393263;B
20240228;114014;197.22;100;9709393264;B
20240228;114014;197.26;2190;9709393265;B
20240228;114032;197.22;30;9709408813;B
20240228;114032;197.24;1260;9709408814;B
20240228;114032;197.24;40;9709408815;B
20240228;114033;197.24;10;9709409438;S
20240228;114045;197.28;50;9709419719;B
20240228;114046;197.32;30;9709420439;B
20240228;114058;197.24;10;9709430464;S
20240228;114100;197.32;70;9709431850;B
20240228;114102;197.32;150;9709433360;B
20240228;114109;197.24;350;9709439504;S
20240228;114110;197.32;20;9709439595;B
20240228;114116;197.24;20;9709444525;S
20240228;114131;197.24;10;9709454922;S
20240228;114134;197.24;150;9709456963;S
20240228;114137;197.24;80;9709459118;S
20240228;114137;197.24;40;9709459119;S
20240228;114137;197.24;40;9709459120;S
20240228;114137;197.24;10;9709460008;S
20240228;114137;197.24;180;9709460009;S
20240228;114138;197.24;10;9709460012;S
20240228;114138;197.24;10;9709460015;S
20240228;114138;197.24;30;9709460049;S
20240228;114138;197.24;140;9709460111;S
20240228;114139;197.24;30;9709461199;S
20240228;114143;197.24;10;9709463490;S
20240228;114155;197.24;10;9709472766;S
20240228;114208;197.26;30;9709480739;B
20240228;114214;197.24;10;9709485018;S
20240228;114214;197.26;10;9709485073;B
20240228;114223;197.26;40;9709491076;B
20240228;114224;197.26;20;9709492044;B
20240228;114238;197.26;80;9709503176;B
20240228;114240;197.24;160;9709504446;S
20240228;114258;197.26;10;9709518655;B
20240228;114307;197.26;10;9709525684;B
20240228;114326;197.26;20;9709540287;B
20240228;114342;197.26;280;9709553656;B
20240228;114342;197.26;10;9709553657;B
20240228;114342;197.26;400;9709553658;B
20240228;114342;197.26;10;9709553659;B
20240228;114342;197.26;50;9709553660;B
20240228;114342;197.26;250;9709553661;B
20240228;114343;197.24;500;9709553938;S
20240228;114345;197.26;10;9709556123;B
20240228;114345;197.26;100;9709556124;B
20240228;114345;197.26;10;9709556125;B
20240228;114345;197.26;10;9709556218;S
20240228;114345;197.26;10;9709556324;S
20240228;114345;197.26;10;9709556370;S
20240228;114345;197.26;10;9709556383;S
20240228;114345;197.26;10;9709556406;S
20240228;114346;197.26;10;9709556414;S
20240228;114346;197.26;10;9709556426;S
20240228;114346;197.26;10;9709556440;S
20240228;114403;197.3;50;9709570172;B
20240228;114403;197.32;40;9709570173;B
20240228;114440;197.32;10;9709599383;B
20240228;114446;197.32;20;9709604593;B
20240228;114451;197.32;100;9709608381;B
20240228;114513;197.3;20;9709623060;B
20240228;114521;197.3;1510;9709628918;B
20240228;114521;197.32;490;9709628919;B
20240228;114523;197.32;10;9709629686;B
20240228;114533;197.3;500;9709637304;B
20240228;114533;197.32;1130;9709637305;B
20240228;114533;197.32;140;9709637306;B
20240228;114533;197.34;10;9709637307;B
20240228;114533;197.34;30;9709637308;B
20240228;114539;197.4;10;9709641619;B
20240228;114558;197.38;1040;9709654400;B
20240228;114558;197.38;360;9709654401;B
20240228;114558;197.34;10;9709654427;S
20240228;114630;197.36;20;9709678161;S
20240228;114633;197.34;100;9709680805;S
20240228;114633;197.34;90;9709680806;S
20240228;114633;197.34;10;9709680807;S
20240228;114635;197.36;150;9709682390;B
20240228;114714;197.38;20;9709712932;B
20240228;114735;197.34;3370;9709725799;S
20240228;114735;197.34;30;9709725800;S
20240228;114735;197.34;30;9709725801;S
20240228;114735;197.34;10;9709725802;S
20240228;114735;197.32;200;9709725803;S
20240228;114735;197.32;160;9709725804;S
20240228;114735;197.3;700;9709725805;S
20240228;114735;197.3;10;9709725822;S
20240228;114736;197.32;10;9709725950;B
20240228;114741;197.34;30;9709726671;B
20240228;114743;197.3;10;9709726880;S
20240228;114753;197.3;780;9709728183;S
20240228;114753;197.28;30;9709728184;S
20240228;114753;197.26;440;9709728185;S
20240228;114809;197.34;20;9709729992;B
20240228;114845;197.34;10;9709734110;B
20240228;114847;197.34;30;9709734347;B
20240228;114907;197.26;10;9709736536;S
20240228;114921;197.28;10;9709738421;B
20240228;114954;197.26;10;9709742628;S
20240228;115001;197.3;10;9709743353;B
20240228;115008;197.26;10;9709744108;S
20240228;115010;197.3;10;9709744477;B
20240228;115015;197.26;10;9709745088;S
20240228;115019;197.3;200;9709745560;B
20240228;115021;197.3;10;9709745763;B
20240228;115021;197.34;40;9709745856;B
20240228;115028;197.28;10;9709746750;S
20240228;115045;197.28;40;9709748494;S
20240228;115047;197.34;10;9709748733;B
20240228;115226;197.28;200;9709760473;S
20240228;115226;197.28;40;9709760474;S
20240228;115226;197.28;60;9709760475;S
20240228;115231;197.32;30;9709761136;B
20240228;115234;197.32;10;9709761424;B
20240228;115234;197.32;10;9709761425;B
20240228;115240;197.28;10;9709762047;S
20240228;115249;197.34;90;9709763049;B
20240228;115249;197.34;10;9709763050;B
20240228;115250;197.34;30;9709763156;B
20240228;115254;197.34;70;9709763558;B
20240228;115255;197.34;20;9709763695;B
20240228;115311;197.28;30;9709765415;S
20240228;115405;197.3;10;9709771511;S
20240228;115411;197.34;110;9709772320;B
20240228;115418;197.3;790;9709773122;S
20240228;115418;197.3;160;9709773123;S
20240228;115418;197.3;10;9709773124;S
20240228;115418;197.28;40;9709773125;S
20240228;115421;197.32;40;9709773367;B
20240228;115421;197.32;70;9709773368;B
20240228;115426;197.34;10;9709773839;B
20240228;115443;197.32;10;9709775858;B
20240228;115452;197.28;320;9709776809;S
20240228;115452;197.28;160;9709776810;S
20240228;115452;197.28;10;9709776811;S
20240228;115501;197.26;10;9709777797;S
20240228;115505;197.28;20;9709778201;B
20240228;115526;197.26;300;9709780412;S
20240228;115546;197.28;100;9709782701;B
20240228;115601;197.28;270;9709784545;B
20240228;115616;197.28;40;9709786146;B
20240228;115618;197.26;20;9709786445;S
20240228;115629;197.28;50;9709787835;B
20240228;115636;197.28;20;9709788777;B
20240228;115639;197.28;10;9709789039;B
20240228;115639;197.28;50;9709789040;B
20240228;115650;197.26;10;9709790424;S
20240228;115657;197.32;100;9709791287;B
20240228;115742;197.32;20;9709796973;B
20240228;115742;197.32;10;9709796984;B
20240228;115743;197.3;10;9709797058;S
20240228;115744;197.32;200;9709797188;B
20240228;115756;197.32;10;9709798394;B
20240228;115801;197.32;220;9709799082;B
20240228;115807;197.3;10;9709799672;S
20240228;115814;197.3;20;9709800383;B
20240228;115821;197.3;220;9709801163;B
20240228;115821;197.3;280;9709801164;B
20240228;115823;197.28;20;9709801333;S
20240228;115830;197.32;30;9709802071;B
20240228;115832;197.28;30;9709802231;S
20240228;115845;197.32;10;9709804089;B
20240228;115902;197.32;30;9709806285;B
20240228;115915;197.32;100;9709807443;B
20240228;115919;197.32;180;9709807854;B
20240228;115921;197.32;10;9709807993;B
20240228;115924;197.32;70;9709808323;B
20240228;115924;197.32;40;9709808324;B
20240228;115924;197.32;440;9709808325;B
20240228;115930;197.34;80;9709809022;B
20240228;115935;197.32;10;9709809554;S
